3592 5067
374 896 439 963 116
771 906 1034 961 nrrsrunnnuu

373 1081 457 1142 Nam
473 1100 573 1161 neque
588 1083 742 1146 divitibus
756 1084 945 1159 contingunt
958 1081 1073 1159 gaudia
1085 1080 1171 1158 solis,

372 1179 404 1239 N
406 1198 441 1241 eo
455 1180 538 1240 vixit
552 1181 643 1257 male,
658 1184 713 1261 qui
728 1188 822 1244 natus
837 1180 1036 1258 moriensque
1050 1178 1178 1240 fefellit

374 1277 408 1338 Si
422 1278 569 1357 prodesse
584 1280 649 1341 tuis
665 1280 834 1359 paulloqne
849 1277 1017 1355 benignius
1030 1278 1135 1355 ipsum

372 1376 418 1436 Te
432 1382 566 1436 tractare
582 1376 676 1453 voles,
693 1378 821 1438 accedes
836 1376 938 1437 siccus
953 1375 994 1436 ed
1007 1381 1147 1435 unctum.

413 1474 465 1534 ‘Si
481 1475 649 1552 pranderet
663 1475 755 1536 holus
770 1474 936 1553 patienter,
952 1472 1076 1550 regibus
1091 1472 1139 1533 uti

370 1570 403 1630 N
404 1570 482 1631 ollet
497 1572 702 1650 Aristippus?
745 1578 753 1608 ‘
762 1572 797 1632 Si
812 1571 907 1633 sciret
922 1570 1047 1647 regibus
1061 1569 1119 1645 uti,

372 1667 545 1729 Fastidiret
558 1669 651 1730 holus
666 1669 719 1748 qni
735 1688 785 1729 me
801 1668 909 1729 notat'
952 1667 1064 1729 Utrius
1079 1667 1191 1727 horum

370 1764 475 1825 Verba
489 1766 600 1843 probes
615 1773 647 1826 et
663 1768 749 1827 facta
762 1767 847 1841 doce,
864 1764 914 1825 vel
930 1764 1032 1824 iunior
1046 1763 1120 1823 audi

371 1861 434 1922 Cur
449 1862 491 1921 sit
506 1863 662 1941 Aristippi
677 1864 780 1941 potior
794 1861 960 1924 sententia.
1002 1860 1149 1938 Namque

370 1958 550 2017 Mordacem
564 1960 718 2037 Cynicum
734 1960 778 2020 sio
794 1958 952 2032 eludebat,
966 1963 1002 2017 ut
1016 1954 1122 2017 aiunt:

371 2059 380 2090 ‘
389 2054 519 2114 Scurror
533 2073 590 2131 ego
605 2055 673 2132 ipse
688 2056 776 2130 mihi,
792 2054 909 2134 populo
924 2060 976 2129 tu;
998 2054 1114 2114 rectius
1128 2053 1187 2113 hoc
1202 2058 1235 2113 et

371 2150 574 2229 Splendidius
588 2150 689 2211 multo
703 2156 761 2211 est.
804 2152 915 2229 Equus
929 2156 965 2209 ut
979 2168 1028 2209 me
1042 2155 1155 2227 portet,
1167 2148 1232 2209 alat
1246 2166 1311 2224 rer,
1357 2142 1364 2151 ’

370 2245 514 2308 Officium
530 2247 630 2323 faci03
653 2254 688 2305 tu
703 2248 806 2326 poscis
821 2247 907 2321 vilia,
925 2264 1032 2306 verum

368 2344 473 2404 Dante
489 2343 599 2418 minor,
615 2343 760 2420 quamvis
776 2344 841 2404 fers
855 2350 886 2403 te
902 2341 1020 2403 nullius
1035 2342 1198 2418 egentem!

369 2440 480 2501 Omnis
495 2440 695 2517 Aristippum
711 2440 817 2520 decuit
831 2438 916 2500 color
930 2445 963 2499 et
977 2444 1077 2499 status
1092 2444 1125 2498 et
1139 2457 1198 2513 res,

368 2537 589 2614 Temptantem
605 2536 725 2597 maiora
738 2537 815 2612 fere,
830 2535 1049 2615 praesentibus
1063 2554 1205 2613 aequum.

361 2632 494 2708 Contra,
510 2651 602 2710 quem
617 2632 738 2711 duplici
753 2652 857 2711 panno
872 2632 1027 2710 patientia
1043 2632 1135 2708 velat,

367 2729 516 2804 Mirabor‚
531 2729 617 2788 ritae
631 2728 684 2789 via
698 2730 725 2788 si
741 2747 891 2789 conversa
905 2728 1038 2789 decebit.

367 2825 460 2885 Alter
475 2842 664 2903 purpureum
681 2845 743 2885 non
758 2825 954 2903 exspectabit
967 2826 1126 2900 amictum,
1222 2818 1228 2825 ’

367 2921 531 2994 Quidlibet
545 2921 675 2982 indutus
689 2921 892 2982 celeberrima
905 2941 960 2999 per
975 2921 1043 2982 loca
1056 2921 1161 2997 vadet,

367 3018 601 3095 Personamque
615 3018 697 3078 feret
712 3036 774 3077 uon
790 3018 994 3078 inconcinnus
1008 3023 1191 3095 utramque3

367 3113 461 3174 Alter
475 3113 580 3174 Mileti
596 3121 714 3175 textam
730 3133 807 3175 cane
821 3114 912 3193 peius
926 3121 959 3175 et
973 3133 1074 3192 angue

367 3211 492 3272 Vitebit
505 3210 721 3289 chlamydem3
744 3212 894 3271 morietur
910 3210 1035 3287 frigore,
1051 3210 1078 3272 si
1094 3230 1156 3272 non

367 3306 543 3367 Rettuleris
558 3325 708 3385 pannum.
751 3308 850 3368 Refer
864 3314 897 3367 et
911 3308 979 3368 sine
994 3308 1082 3368 vivat
1095 3308 1231 3385 ineptus.

407 3404 471 3465 Res
486 3421 591 3479 gerere
605 3409 638 3464 et
651 3411 759 3481 captos
774 3404 937 3466 ostendere
951 3404 1072 3465 civibus
1087 3404 1198 3481 hostis,

368 3500 510 3577 Attingit
524 3499 637 3560 solium
653 3501 739 3562 Iovis
754 3508 787 3562 et
800 3501 950 3562 caelestia
962 3507 1106 3579 temptat

366 3597 568 3674 Principibus
583 3597 739 3675 placuisse
754 3598 831 3658 viris
847 3616 910 3657 non
926 3598 1039 3657 ultima
1053 3597 1120 3658 laus
1135 3604 1192 3660 est.

367 3695 440 3756 Non
455 3694 556 3755 cuivis
570 3693 691 3754 homini
705 3695 861 3772 contingit
875 3694 962 3755 adire
977 3694 1170 3756 Corinthum.

367 3790 457 3852 Sedit
471 3791 525 3867 qui
540 3790 658 3866 timuit,
673 3809 712 3851 ne
726 3810 788 3851 non
804 3791 997 3852 succederet:
1020 3797 1095 3852 est0.

367 3887 476 3957 Quid?
498 3887 552 3964 qui
567 3888 721 3965 pervenit,
736 3888 853 3947 fecitne
869 3887 1031 3948 viriliter?
1073 3888 1174 3966 Atqui

367 3985 430 4044 Hie
445 3990 493 4044 est
507 3990 562 4044 eut
576 4002 729 4062 nusquam
745 3985 829 4063 quod
843 3986 1031 4061 quaerimus,
1073 3985 1138 4045 Hie
1153 4003 1230 4045 onus
1244 3983 1359 4060 horret,

367 4083 415 4144 Ut
428 4081 534 4160 parvis
548 4081 663 4142 animis
678 4088 710 4141 et
724 4100 821 4160 parvo
835 4100 962 4160 corpore
976 4081 1095 4157 maius3
1392 4096 1423 4142 so

367 4178 430 4238 Hic
445 4178 530 4240 subit
544 4183 577 4237 et
591 4179 720 4256 perfert.
763 4180 830 4239 Aut
844 4179 946 4240 virtus
960 4197 1072 4239 nornen
1088 4178 1180 4239 inane
1194 4184 1253 4254 est,

366 4276 435 4335 Aut
447 4276 542 4336 decus
556 4281 588 4336 et
601 4276 737 4354 pretium
751 4282 835 4337 recte
850 4276 931 4354 petit
945 4275 1107 4354 experiens
1122 4276 1179 4336 vir.
