3592 5067
380 1004 417 1071 a]
669 1056 672 1063 ,
824 1000 937 1051 nmnn
960 1000 996 1053 n

379 1173 438 1238 Vel
454 1174 529 1252 qnia
542 1179 634 1251 turpe
649 1177 764 1250 putant
779 1191 887 1252 parere
902 1173 1085 1250 minoribus,
1101 1182 1225 1255 atquae

379 1272 540 1333 Imberbes
554 1269 701 1346 didicere,
716 1289 807 1332 senes
822 1271 983 1349 perdenda
997 1272 1101 1353 lateri.

419 1369 489 1453 Iam
502 1367 622 1427 Saliare
636 1367 762 1428 Numae
776 1386 903 1428 carmen
917 1369 973 1447 qui
987 1369 1098 1429 laudat
1111 1376 1144 1429 et
1157 1370 1247 1448 illud,

377 1451 604 1539 Quod'meoum
620 1465 753 1540 ignorat,
770 1464 855 1526 solus
870 1466 938 1526 volt
952 1466 1033 1526 seire
1047 1465 1157 1543 videri,

377 1562 519 1640 Ingeniis
535 1581 598 1622 non
612 1560 667 1645 ille
683 1563 771 1622 favet
786 1562 973 1641 plauditque
994 1564 1135 1642 sepultis,

376 1663 496 1722 Nostra
511 1660 567 1720 sed
582 1660 756 1738 impugnat,
769 1678 826 1720 nos
841 1666 1011 1738 nostraque
1025 1661 1143 1723 lividus
1154 1662 1230 1723 odit.

376 1758 467 1829 Quod
481 1757 508 1818 si
523 1763 589 1817 tam
605 1756 711 1817 Graiis
726 1756 851 1837 npgitas
867 1747 971 1826 invisa
986 1759 1101 1820 fuisset

376 1855 476 1926 Quam
486 1854 587 1928 nobis,
602 1853 681 1931 quid
692 1873 777 1915 nuno
791 1861 875 1917 esset
886 1857 1004 1916 vetus?
1045 1858 1112 1916 Aut
1126 1857 1204 1934 quid
1218 1857 1354 1934 haberet,

375 1952 464 2023 Quod
478 1950 596 2027 legeret
609 1958 788 2038 tereretque
802 1952 924 2012 viritim
940 1952 1085 2031 publicus
1098 1956 1201 2015 usus?

377 2051 424 2111 ut
438 2048 575 2127 primum
587 2048 703 2127 positis
717 2034 829 2125 nugari
846 2049 980 2126 Graecia
992 2050 1085 2111 bellis

375 2145 488 2224 Coepit
502 2151 535 2205 et
549 2146 582 2205 in
597 2144 712 2205 vitium
727 2146 857 2206 fortuna
871 2145 970 2206 labier
981 2165 1089 2225 aequa,

374 2245 468 2304 Nune
482 2243 673 2303 athletarum
690 2244 815 2318 studiis,
831 2262 914 2304 nuno
925 2244 1004 2305 arsit
1018 2263 1176 2323 equorum,
1405 2249 1436 2295 9⁶

374 2340 541 2402 Marmoris
557 2348 612 2401 aut
627 2341 729 2401 eboris
745 2341 851 2402 fabros
866 2347 922 2402 aut
936 2342 1016 2403 aeris
1031 2342 1159 2419 amavit,

375 2439 548 2517 Suspendit
563 2440 649 2517 picta
662 2439 783 2499 voltum
798 2445 999 2516 mentemque
1013 2438 1139 2516 tabella,

372 2534 466 2596 Nunc
481 2536 675 2610 tibicinibus,
691 2554 773 2596 nuno
788 2542 837 2596 est
852 2537 962 2613 gavisa
975 2537 1132 2613 tragoedis
1141 2560 1149 2613 ;

374 2632 439 2693 Sub
452 2633 575 2693 nutrice
587 2632 695 2716 Μὴ
709 2632 797 2692 velut
812 2634 840 2693 si
855 2633 979 2693 luderet
994 2634 1109 2708 infans,

372 2728 462 2799 ouon
475 2730 589 2806 cupide
604 2729 706 2807 petiit,
721 2711 848 2789 matula
859 2729 953 2807 prena
967 2730 1104 2808 renquu.

371 2824 455 2896 Quid
466 2824 569 2903 placet
584 2831 638 2885 aut
652 2825 724 2886 odio
738 2832 796 2899 est,
812 2826 895 2903 quod
910 2844 974 2885 non
984 2827 1136 2887 mutabile
1150 2829 1284 2889 credas?

371 2920 443 2980 Hoc
457 2939 550 2999 paces
565 2922 701 2981 habuere
715 2922 815 2982 bonae
827 2922 977 3000 ventique
992 2924 1127 2984 secundi.

411 3018 530 3077 Romae
544 3016 634 3077 dulce
649 3016 706 3078 diu
719 3018 783 3078 fuit
797 3024 829 3077 et
843 3017 995 3078 sollemne
1009 3019 1131 3081 reclusa

370 3113 466 3174 Mane
480 3115 572 3174 domo
586 3114 727 3190 vigilare,
743 3113 852 3174 clienti
868 3133 1010 3193 promere
1028 3117 1105 3191 iura,

370 3210 486 3272 (lautos
500 3212 680 3272 nominibus
695 3212 790 3271 rectis
804 3213 981 3289 expendere
995 3232 1147 3289 nummos,
1385 3218 1428 3265 1⁰6

370 3308 507 3368 Maiores
518 3309 636 3383 audire,
646 3308 762 3368 minori
776 3308 878 3369 dicere
893 3327 949 3387 per
964 3327 1044 3386 quae

369 3403 514 3466 Crescere
528 3424 578 3465 res
592 3412 706 3484 posset,
722 3405 821 3464 minui
838 3406 990 3466 damnosa
1003 3405 1109 3466 libido.

368 3501 508 3563 Mutavit
521 3509 659 3562 mentem
671 3502 806 3580 populus
822 3501 901 3563 levis
916 3508 948 3562 et
962 3504 1044 3562 calet
1058 3523 1120 3564 uno

367 3599 529 3672 Scribendi
545 3599 666 3675 studio;
689 3599 778 3678 pueri
790 3605 957 3677 patresque
972 3600 1073 3660 severi

367 3696 490 3756 Fronde
506 3714 609 3757 comas
625 3696 724 3757 vincti
739 3706 852 3757 cenant
866 3703 899 3756 et
913 3698 1053 3757 earmina
1066 3698 1195 3759 dictant.
1380 3703 1424 3749 ¹10

367 3794 441 3874 Ipse
455 3812 522 3871 ego,
534 3795 587 3873 qni
601 3793 706 3855 nullos
720 3813 770 3854 me
781 3794 913 3855 adfirmo
927 3795 1062 3855 scribere
1075 3814 1194 3871 versus,

366 3890 516 3951 Invenior
530 3892 658 3952 Parthis
673 3892 860 3967 mendacior,
876 3900 908 3952 et
923 3891 1011 3970 prius
1025 3900 1094 3953 orto

367 3988 438 4050 Sole
454 3989 531 4066 vigil
546 3989 702 4050 calamum
716 3995 748 4049 et
762 3988 887 4050 chartas
902 3996 934 4048 et
949 3990 1064 4050 scrinia
1077 4009 1178 4068 posco.

364 4088 487 4149 Navem
503 4107 594 4165 agere
604 4089 733 4166 ignarus
748 4087 838 4148 navis
852 4088 955 4162 timet,
971 4087 1177 4149 habrotonum
1192 4107 1285 4166 aegro

365 4185 437 4246 Non
452 4186 548 4247 audet
562 4187 622 4248 nisi
639 4186 693 4263 qui
708 4185 821 4245 didicit
834 4186 917 4262 dare,
934 4186 1017 4263 quod
1032 4186 1221 4247 medioomm
1238 4193 1286 4248 est
1379 4191 1422 4236 ¹¹5

364 4282 560 4344 Promittunt
574 4283 696 4358 medici,
711 4289 849 4344 tractant
863 4282 992 4344 fabrilia
1006 4284 1106 4353 fabri;

365 4379 537 4442 Scribimus
552 4381 671 4442 indocti
685 4381 833 4460 doctique
847 4387 992 4460 poemata
1005 4382 1133 4462 passim.
