3592 5067
817 905 929 956 rinna
952 903 989 955 11.
1394 892 1435 957 75

607 1081 638 1153 2]
658 1079 700 1130 He
714 1092 810 1130 moons
825 1093 889 1130 over
904 1079 1031 1142 pictores,
1044 1075 1098 1128 like
1114 1076 1219 1129 asiavc
1233 1077 1337 1143 staring
1348 1083 1377 1129 at
1391 1078 1437 1129 the

690 1161 796 1219 postero
807 1155 836 1206 oi
847 1169 864 1205 a
874 1152 1045 1220 gladiatorial
1057 1154 1142 1214 show,
1155 1153 1252 1225 957101
1265 1170 1272 1217 3

606 1231 637 1298 3)
657 1233 699 1282 He
711 1232 734 1282 io
744 1245 762 1281 a
772 1231 845 1282 slave
856 1237 886 1282 to
898 1232 941 1282 his
952 1229 1078 1293 appetite,
1094 1230 1205 1279 loa-111
1217 1246 1224 1291 ;

607 1310 637 1374 4)
656 1309 721 1358 And
739 1308 811 1359 aiter
827 1307 863 1358 all
880 1309 916 1358 ho
932 1311 1034 1358 cannot
1050 1306 1102 1357 live
1119 1305 1294 1369 contentodly
1312 1320 1344 1357 or
1362 1306 1437 1357 drivo

689 1398 767 1448 away
779 1398 849 1445 care,
866 1385 998 1445 111-llo;
1092 1392 1095 1398 ’

441 1466 464 1515 5.
491 1463 597 1513 Horace
609 1459 678 1512 loses
689 1461 733 1511 his
744 1467 848 1523 temper
861 1459 917 1509 and
932 1457 1047 1510 silentes
1062 1458 1105 1510 his
1121 1446 1276 1509 tormentor'
1287 1458 1323 1521 by
1335 1457 1437 1509 threat-

572 1538 654 1601 oning
664 1544 693 1587 to
704 1535 774 1586 send
785 1536 843 1586 him
854 1540 883 1585 to
895 1534 972 1587 work
983 1547 1019 1585 on
1031 1534 1077 1585 the
1088 1534 1169 1596 farm,
1183 1533 1307 1585 llo-uo.
1384 1602 1386 1606 ,

415 1674 445 1724 2.
469 1672 566 1724 Time:
583 1670 731 1722 31-3οΜ.
763 1701 766 1705 ⁸

414 1862 530 1921 Davus.
559 1859 748 1919 Iamdudum
763 1859 909 1920 ausculto
922 1864 954 1919 et
968 1858 1098 1937 cupiens
1112 1857 1173 1919 tibi
1188 1857 1292 1918 dicere
1308 1875 1417 1918 servus

373 1958 478 2017 Pauca
493 1956 670 2016 reformido.
714 1957 792 2015 Hor.
814 1956 992 2016 Davusne?
1027 1956 1067 2015 D.
1090 1954 1150 2029 Ita,
1164 1955 1282 2029 Davus,
1298 1954 1431 2015 amicum

374 2053 569 2131 Manoipium
585 2052 712 2112 domino
726 2059 758 2111 et
773 2052 858 2134 frugi
873 2052 959 2130 quod
973 2051 1016 2112 sit
1031 2051 1118 2126 satis,
1135 2052 1193 2112 hoc
1207 2058 1266 2126 est,

373 2151 420 2211 Ut
435 2149 531 2210 vitale
546 2155 646 2227 putes.
690 2150 732 2210 Η.
756 2150 833 2225 Age,
849 2148 996 2208 libertate
1010 2149 1186 2224 Decembri,

306 2272 307 2276 ¹
371 2247 502 2319 Quando
517 2247 564 2306 ita
577 2247 709 2307 maiores
725 2245 903 2321 voluerunt,
917 2252 1023 2320 utere;
1045 2264 1146 2306 narra
1418 2260 1433 2304 o

411 2346 451 2405 D.
481 2343 560 2403 Pars
576 2343 737 2404 hominum
752 2343 841 2403 vitiis
856 2343 973 2420 gaudet
987 2349 1168 2403 constanter
1182 2349 1215 2403 et
1230 2348 1321 2419 urget

331 2477 336 2491 ·
371 2442 571 2520 Propositum
583 2464 590 2516 ;
612 2460 685 2519 pars
699 2439 802 2500 multa
813 2447 914 2514 natat,
929 2439 1022 2499 modo
1036 2447 1122 2499 recta
1135 2457 1309 2517 capessens,

372 2538 537 2598 Interdum
556 2538 661 2615 pravis
675 2538 818 2597 obnoxia
863 2537 964 2615 Saepe
982 2543 1108 2597 notatus

371 2635 448 2697 (ium
464 2635 566 2695 tribus
580 2635 703 2710 anellis,
719 2635 810 2694 modo
824 2634 915 2695 laeva
927 2633 1056 2695 Priscus
1072 2634 1168 2710 inani,

370 2731 462 2791 Vixit
476 2731 660 2809 inaequalis,
675 2732 800 2791 clavum
814 2739 851 2791 ut
865 2737 1003 2791 mutaret
1018 2730 1050 2788 in
1066 2731 1169 2806 hores,

370 2829 512 2888 Aedibus
529 2845 568 2886 ex
584 2828 708 2904 magnis
722 2828 828 2889 subito
843 2846 877 2888 se
892 2827 1049 2900 conderet,
1064 2827 1148 2888 unde

350 2944 354 2952 ·
370 2923 520 2984 Mundior
534 2924 635 2984 exiret
650 2924 705 2983 vix
720 2923 889 2985 libertinus
904 2923 1052 2999 honeste3

369 3021 438 3080 Iam
454 3020 602 3080 moechus
616 3020 746 3096 Romae,
762 3020 825 3079 iam
841 3020 951 3080 mallet
965 3021 1076 3081 doctus
1090 3021 1227 3081 Athenis

344 3130 351 3139 “
369 3117 483 3177 Vivere
498 3117 690 3191 Vertumnis,
706 3123 862 3196 quotquot
876 3124 961 3190 sunt,
977 3124 1071 3177 natus
1087 3117 1214 3194 iniquis.

369 3214 483 3275 Scurra
496 3213 692 3289 Volanerius,
708 3220 875 3292 postquam
892 3213 941 3273 illi
956 3213 1041 3274 iusta
1054 3213 1205 3289 cheragra
1400 3227 1429 3273 15

368 3309 522 3372 Contudit
536 3310 695 3385 articulos,
710 3310 764 3387 qui
780 3329 838 3388 pro
851 3329 884 3371 se
899 3309 1026 3371 tolleret
1040 3318 1134 3388 atque

367 3408 512 3468 Mitteret
527 3405 560 3465 in
575 3406 718 3485 phimum
734 3407 825 3482 talos,
840 3408 983 3468 mercede
997 3407 1112 3466 diurna

368 3504 564 3565 Conductum
579 3504 685 3582 pavit3
707 3510 827 3581 quanto
840 3503 1036 3579 constantior
1051 3502 1151 3564 isdem

320 3621 330 3639 ν
368 3601 407 3660 In
422 3600 519 3675 vitiis,
534 3607 624 3660 tanto
637 3600 740 3662 levius
755 3602 850 3661 miser
863 3619 901 3661 ac
915 3601 1001 3680 prior
1011 3600 1080 3676 ille,

366 3696 427 3768 Qui
441 3698 505 3757 iam
520 3704 676 3771 contento,
691 3699 754 3757 iam
769 3697 842 3758 laxo
856 3697 933 3759 fune
948 3696 1079 3758 laborat.
1398 3710 1428 3756 ao

322 3803 329 3818 ’
406 3796 448 3855 Η.
477 3794 550 3854 Non
565 3794 651 3855 dices
665 3794 760 3854 hodie
775 3814 924 3872 quorsum
938 3794 1016 3854 haec
1033 3801 1097 3855 tam
1112 3795 1227 3875 putida
1240 3795 1382 3868 tendant,

366 3883 534 3952 Furcifer?
586 3893 626 3952 D.
653 3891 707 3952 Ad
727 3898 769 3966 te,
792 3892 929 3969 inquam.
984 3893 1026 3951 H.
1055 3892 1124 3963 Quo
1145 3898 1246 3970 pacto,
1264 3892 1425 3970 pessime?

446 3989 485 4048 D.
515 3989 639 4050 Laudas

366 4085 535 4145 Fortunam
551 4093 583 4145 et
597 4105 699 4147 mores
713 4087 862 4165 antiquae
877 4087 988 4166 piebis,
1003 4093 1036 4147 et
1050 4088 1142 4164 idem,

365 4180 399 4242 Si
413 4182 485 4260 quis
500 4183 540 4241 ad
554 4181 612 4242 illa
624 4183 700 4243 deus
716 4184 822 4243 subito
835 4191 867 4244 te
882 4190 964 4261 agat,
981 4203 1080 4262 usque
1096 4203 1228 4260 recuses,

364 4278 430 4338 Aut
444 4269 597 4357 quianon
612 4281 712 4341 sentis
727 4282 810 4359 quod
826 4282 944 4342 clamas
960 4282 1076 4342 rectius
1090 4301 1168 4359 esse,
1395 4297 1425 4345 25
