3592 5067
425 965 515 1031 vm]
876 964 989 1015 mnan
1014 963 1036 1014 1.
1443 955 1485 1020 33

422 1138 579 1209 Quantum
594 1135 786 1197 carminibus
802 1154 882 1213 quae
896 1141 1025 1197 versant
1039 1143 1134 1215 atque
1149 1137 1278 1198 venenis

422 1234 588 1295 Humanos
603 1232 733 1293 animos.
777 1233 847 1293 Has
862 1233 951 1292 nullo
966 1233 1096 1312 perdere
1112 1252 1239 1310 possum
1456 1251 1486 1295 ao

421 1332 489 1392 Nec
504 1330 672 1410 prohibere
687 1330 789 1404 modo,
806 1329 899 1391 simul
916 1348 952 1391 ac
968 1348 1048 1407 vaga
1061 1330 1138 1390 luna
1152 1331 1296 1391 decorum

420 1427 561 1489 Protulit
576 1446 620 1502 os,
636 1427 710 1504 quin
728 1446 800 1487 ossa
813 1426 921 1505 legant
935 1427 1111 1505 herbasque
1125 1427 1274 1488 nocentis.

461 1525 539 1586 Vidi
553 1529 677 1601 egomet
691 1524 783 1600 nigra
797 1524 990 1585 succinctam
1005 1526 1119 1585 vadere
1134 1524 1220 1603 palla

421 1623 586 1684 Canidiam
602 1622 735 1700 pedibus
749 1622 844 1683 nudis
859 1640 1015 1700 passoque
1029 1622 1154 1701 capillo,

421 1720 499 1781 Cum
518 1719 642 1795 Sagana
656 1719 773 1779 maiore
789 1717 982 1795 ululantem3
1005 1720 1107 1797 pallor
1122 1726 1272 1799 utrasque

421 1818 551 1878 Fecerat
566 1816 738 1877 horrendas
753 1816 914 1893 adspectu.
960 1816 1105 1895 Scalpera
1120 1823 1236 1877 terram

421 1913 590 1991 Unguibus
604 1919 638 1973 et
651 1913 771 1990 pullam
787 1912 938 1973 divellere
953 1914 1111 1974 mordicus
1126 1933 1238 1991 agnam

421 2011 600 2089 Coeperunt
609 2034 616 2086 ;
637 2028 729 2069 cruor
743 2010 778 2069 in
792 2011 912 2072 fossam
927 2011 1088 2086 confusus,
1103 2018 1140 2071 ut
1155 2012 1229 2071 inde

421 2108 526 2167 Manis
541 2107 700 2183 elicerent,
716 2107 837 2167 animas
852 2127 1004 2186 responsa
1019 2109 1156 2169 daturas.

420 2205 526 2265 Lanea
541 2210 573 2264 et
588 2203 706 2281 effigies
722 2210 799 2279 erat,
814 2204 914 2266 altera
929 2224 1035 2280 cerea3
1058 2206 1156 2266 maior

420 2302 536 2377 Lanea,
552 2320 632 2379 quae
647 2303 757 2380 poenis
773 2309 984 2381 compesceret
999 2303 1201 2379 inferiorem

420 2398 518 2460 Cerea
531 2399 719 2477 suppliciter
734 2400 848 2474 stabat,
865 2400 1034 2460 servilibus
1048 2407 1085 2461 ut
1099 2419 1180 2478 quae

420 2496 488 2555 lam
504 2496 646 2574 peritura
660 2497 770 2556 modis.
815 2498 959 2557 Hecaten
975 2504 1067 2557 vocat
1081 2498 1189 2574 altera,
1206 2518 1330 2559 saevam

419 2592 531 2652 Altera
545 2592 758 2670 Tisiphonen;
781 2594 939 2672 serpentis
954 2602 1049 2671 atque
1064 2596 1187 2657 videres

419 2689 568 2749 Infernas
582 2707 686 2748 errare
701 2708 804 2764 canes,
820 2689 990 2768 lunamque
1006 2693 1179 2767 rubentem,

418 2785 469 2844 Ne
482 2785 566 2844 foret
580 2785 631 2845 his
646 2786 747 2860 testis,
759 2791 832 2863 post
846 2805 961 2862 magna
974 2787 1073 2847 latere
1087 2789 1237 2865 sepulcra.

459 2880 591 2957 Singula
606 2881 683 2958 quid
698 2900 876 2957 memorem,
892 2902 955 2960 qno
969 2890 1062 2961 pacto
1076 2884 1200 2945 alterna
1213 2886 1377 2964 loquentes

419 2978 557 3039 Umbrae
573 2996 644 3037 cum
660 2977 784 3053 Sagana
798 2980 976 3038 resonarint
990 2980 1082 3039 triste
1096 2987 1129 3039 et
1143 2990 1279 3057 acutum,

418 3077 527 3153 thue
542 3073 610 3152 lupi
624 3075 752 3134 barbam
769 3076 873 3135 variae
889 3094 960 3134 cum
976 3076 1070 3136 dente
1084 3077 1229 3137 colubrae

418 3171 611 3232 Abdiderint
625 3170 738 3230 furtim
753 3172 855 3247 terris,
871 3178 904 3230 et
919 3172 1056 3249 imagine
1070 3192 1159 3234 cerea

418 3269 548 3346 Largior
563 3268 677 3329 arserit
691 3268 784 3343 ignia,
800 3275 832 3328 et
846 3274 960 3328 utnon
975 3270 1067 3330 testis
1083 3271 1203 3332 inultus

418 3364 603 3424 Horruerim
617 3382 709 3424 voces
723 3365 889 3425 Furiarum
906 3372 938 3425 et
953 3366 1039 3426 facta
1053 3367 1193 3427 duarum.

417 3478 435 3516 s
558 3478 576 3516 s
700 3478 718 3516 s
841 3481 859 3516 a
984 3479 1002 3517 s
1124 3483 1143 3518 s

781 3560 826 3619 At
842 3559 915 3619 illae
929 3579 1053 3619 currere
1069 3561 1102 3620 in
1116 3562 1240 3637 urbem3

417 3655 567 3716 Canidiae
581 3657 701 3730 dentes,
717 3656 817 3716 altum
834 3657 974 3732 Saganae
989 3656 1180 3728 caliendrum

417 3753 571 3813 Excidera
585 3759 680 3830 atque
695 3753 808 3814 herbas
823 3759 918 3831 atque
933 3754 1096 3814 incantata
1109 3754 1235 3816 lacertis

416 3849 552 3910 Vincula
566 3868 636 3909 cum
651 3868 766 3925 magno
780 3849 909 3928 risuque
924 3850 1053 3928 iocoque
1068 3850 1201 3912 videres.
