3592 5067
375 829 439 895 142

769 843 1034 897 EPISTULARUM

412 1013 572 1075 Nimirum
587 1034 696 1096 sapere
712 1024 761 1079 est
775 1018 907 1079 abiectis
921 1016 999 1078 utile
1014 1016 1116 1095 nugis,

372 1111 414 1171 Et
429 1114 653 1190 tempestivum
668 1116 773 1194 pueris
789 1115 957 1176 concedere
972 1114 1091 1192 ludum,

373 1210 419 1268 Ac
434 1228 496 1270 non
511 1212 607 1273 verba
620 1212 710 1291 sequi
725 1212 842 1274 fidibus
856 1213 1049 1273 modulanda
1062 1213 1195 1287 Latinis,

373 1305 434 1367 Sed
449 1326 540 1369 verae
554 1329 762 1388 numerosque
777 1310 949 1388 modosque
964 1311 1102 1372 ediscere
1117 1311 1209 1370 vitae.

371 1402 523 1473 Quocirca
536 1424 657 1467 mecum
672 1407 783 1484 loquor
797 1408 875 1467 haec
889 1408 1067 1484 tacitusque
1082 1406 1240 1468 recordor:
1385 1417 1429 1464 145

371 1500 406 1561 Si
420 1502 480 1562 tibi
495 1502 583 1564 nulla
597 1505 685 1565 sitim
699 1504 806 1564 finiret
821 1505 913 1584 copia
927 1504 1084 1583 lymphae,

370 1598 401 1658 N
403 1618 523 1661 arrares
538 1601 686 1678 medicis;
711 1602 804 1679 qnod,
821 1609 940 1679 quanto
955 1601 1046 1680 plura
1061 1600 1189 1679 parasti,

370 1697 473 1756 Tanto
486 1697 578 1775 plura
591 1700 690 1777 cupis,
706 1699 829 1759 nulline
844 1698 975 1758 faterier
988 1698 1111 1758 audes?

371 1792 404 1852 Si
421 1793 531 1853 volnus
546 1795 605 1854 tibi
620 1803 796 1856 monstrata
811 1796 917 1856 radice
931 1793 981 1855 vel
997 1795 1093 1855 herba

370 1889 443 1948 Non
458 1889 547 1949 fieret
562 1892 672 1966 levius,
688 1893 814 1967 fugeres
830 1891 935 1951 radice
950 1891 999 1950 vel
1014 1892 1111 1951 herba

369 1985 557 2046 Proficiente
572 1986 652 2046 nihil
667 1988 821 2048 curarier:
844 1987 999 2062 audieras,
1015 1987 1066 2047 cui

369 2081 449 2140 Rem
465 2081 496 2140 di
513 2083 673 2156 donarent,
690 2083 738 2142 illi
755 2083 904 2143 decedere
918 2101 1048 2160 pravam

369 2177 563 2254 Stultitiam;
585 2186 626 2253 et,
642 2199 712 2238 cum
728 2180 772 2240 sis
788 2179 889 2238 nihilo
904 2179 1084 2257 sapientior,
1099 2198 1138 2240 ex
1153 2199 1215 2258 quo

368 2272 496 2333 Plenior
510 2292 552 2347 es,
567 2282 672 2334 tamen
687 2277 785 2336 uteris
800 2274 1009 2336 monitoribus
1024 2274 1151 2336 isdem?

369 2371 413 2429 At
427 2372 456 2431 si
470 2370 600 2430 divitiae
615 2373 802 2449 prudentem
817 2371 949 2431 reddere
963 2380 1100 2449 possent,

368 2466 402 2526 Si
418 2467 566 2544 cupidum
581 2469 793 2544 timidumque
807 2468 912 2528 minus
927 2473 968 2541 te,
984 2486 1095 2546 nempe
1110 2468 1246 2546 rubores,

369 2562 499 2623 Viveret
513 2564 546 2622 in
560 2565 653 2625 terris
667 2572 699 2624 te
715 2565 742 2624 si
757 2565 829 2641 quis
844 2563 968 2623 avarior
982 2583 1052 2624 uno.

369 2659 402 2719 Si
417 2660 578 2738 proprium
593 2668 650 2735 est,
666 2660 749 2739 quod
764 2661 835 2738 quis
850 2658 933 2721 libra
945 2667 1100 2723 mercatus
1115 2668 1147 2723 et
1161 2680 1231 2724 aere
1244 2670 1302 2739 est,

367 2755 534 2830 Quaedam,
550 2757 577 2816 si
593 2758 692 2818 credis
707 2757 870 2831 consultis,
885 2758 1045 2835 mancipat
1059 2777 1133 2820 usus
1147 2778 1154 2830 3

367 2851 427 2922 Qui
442 2858 473 2913 te
488 2853 590 2930 pascit
604 2871 686 2929 ager,
702 2859 775 2913 tuns
790 2859 848 2928 est,
864 2860 897 2913 et
911 2854 1026 2915 vilicus
1041 2854 1126 2930 Orbi,

367 2949 445 3010 Cum
462 2956 582 3024 segetes
597 2957 683 3010 occat
698 2949 757 3009 tibi
773 2968 846 3009 mox
861 2950 1021 3010 frumenta
1035 2949 1172 3024 daturas,

368 3046 411 3105 Te
426 3047 587 3106 dominum
603 3047 709 3106 sentit.
754 3048 820 3107 Das
835 3065 989 3122 nummos,
1004 3047 1120 3125 accipis
1135 3067 1237 3125 uvam,
1312 3104 1315 3107 ⁴

366 3142 485 3215 Pullos,
501 3161 568 3217 ova,
582 3144 694 3203 cadum
710 3144 828 3204 temeti.
871 3145 994 3221 Nempe
1008 3143 1102 3203 modo
1115 3144 1177 3204 isto

366 3238 525 3299 Paulatim
539 3242 686 3300 mercaris
701 3258 821 3316 agrum,
837 3239 973 3300 fortasse
987 3240 1137 3300 trecentis

366 3336 432 3394 Ant
446 3335 542 3395 etiam
556 3355 652 3413 supra
668 3355 867 3397 nummorum
882 3336 1011 3397 milibus
1027 3344 1176 3413 emptum.

365 3431 447 3502 Quid
462 3432 569 3505 refert,
585 3433 674 3493 vivas
688 3439 854 3493 numerato
868 3450 969 3511 nuper
983 3451 1022 3492 an
1037 3432 1135 3492 olim?

366 3528 499 3604 Emptor
514 3528 635 3589 Aricini
651 3528 809 3607 quondam
825 3528 968 3589 Veientis
983 3535 1015 3588 et
1029 3530 1096 3588 arvi

366 3624 516 3702 Emptum
530 3632 622 3685 cenat
637 3624 739 3701 holus,
753 3613 900 3704 quamvis
915 3625 1008 3685 aliter
1021 3632 1130 3704 putat3
1152 3624 1266 3706 emptis

367 3720 431 3780 Sub
446 3727 567 3781 noctem
583 3722 719 3798 gelidam
735 3722 831 3799 lignis
847 3722 1014 3782 calefactat
1029 3731 1158 3798 aenum3

366 3817 427 3877 Sed
442 3825 532 3878 vocat
546 3837 645 3896 usqne
661 3838 762 3894 sunm,
778 3838 841 3898 qua
854 3820 989 3897 populus
1005 3820 1109 3880 adsita
1121 3821 1216 3882 certis
1375 3834 1419 3881 170

366 3914 536 3976 Limitibns
554 3916 656 3976 vicina
671 3916 789 3992 refugit
803 3916 923 3992 iurgia;
946 3923 1107 3995 tamquam

367 4010 416 4070 Sit
430 4012 590 4089 proprium
605 4012 781 4092 quicquam,
797 4020 914 4091 puncto
928 4014 1011 4090 quod
1026 4013 1150 4074 mobilis
1166 4013 1259 4076 horae

366 4107 460 4167 Nunc
474 4126 573 4184 prece,
588 4127 669 4169 nunc
685 4110 796 4187 pretio,
811 4128 894 4170 nunc
910 4110 952 4183 vi,
966 4128 1049 4170 nnnc
1063 4118 1163 4171 morte
1177 4128 1323 4190 suprema

367 4203 531 4264 Permntet
544 4204 687 4265 dominos
702 4212 733 4265 et
747 4205 839 4266 cedat
853 4206 886 4264 in
901 4204 1001 4266 altera
1007 4194 1090 4267 'iura
