3592 5067
380 949 476 1016 vnn]
823 946 936 997 LIBER
959 944 995 997 n

378 1121 470 1194 Quod
483 1118 741 1198 Methymnaeam
755 1118 834 1179 vitio
849 1119 1019 1179 mutaverit
1032 1137 1135 1180 uvam

378 1219 499 1279 Erucas
516 1216 635 1290 viridis,
651 1214 754 1277 inulas
769 1234 826 1292 ego
841 1218 961 1294 primus
975 1235 1098 1278 amaras

378 1314 556 1377 Monstravi
570 1314 738 1390 incoquere
747 1336 755 1389 3
780 1313 898 1374 inlutos
915 1312 1069 1375 Curtillus
1084 1312 1224 1390 echinos,

378 1414 426 1475 Ut
440 1411 554 1473 melius
569 1411 679 1484 muria,
696 1411 779 1487 quod
792 1415 877 1471 testa
891 1410 1014 1471 marina
1028 1411 1190 1471 remittat!

418 1510 546 1570 Interea
559 1525 712 1585 suspensa
725 1507 831 1583 gravis
846 1506 957 1568 aulaea
972 1508 1080 1570 ruinas

320 1623 323 1628 ’
377 1608 417 1668 In
432 1607 574 1685 patinam
588 1604 700 1679 fecere,
712 1604 872 1664 trahentia
886 1604 1026 1683 pulveris
1041 1605 1103 1666 atri

377 1704 538 1775 Quantum
551 1720 614 1762 non
628 1700 749 1779 Aquilo
763 1701 932 1780 Campanis
947 1703 1065 1763 excitat
1079 1701 1172 1780 agris.

375 1801 444 1862 Nos
458 1802 560 1860 maius
576 1799 678 1872 veriti,
693 1804 862 1876 postquam
876 1798 958 1858 nihil
974 1818 1041 1861 esse
1056 1799 1166 1879 pericli

376 1897 548 1972 Sensimus,
564 1895 723 1970 erigimur.
768 1895 872 1955 Rufus
888 1897 992 1973 posito
1006 1897 1118 1974 capite,
1133 1902 1169 1957 ut
1183 1896 1212 1958 si

375 1993 477 2054 Filius
492 1995 680 2052 immaturus
694 1991 821 2067 obisset,
838 1990 922 2051 flere.
964 1993 1041 2064 Quis
1055 1999 1140 2054 esset

375 2091 473 2165 Finis,
489 2090 522 2148 ni
537 2088 664 2166 sapiens
679 2088 724 2147 sio
740 2088 959 2150 Nomentanus
973 2091 1108 2150 amicum

375 2186 533 2247 Tolleret:
556 2185 657 2260 ‘Heu,
672 2186 822 2260 Fortuna,
841 2185 913 2263 quis
927 2194 977 2247 est
991 2188 1145 2249 crudelior
1158 2188 1193 2248 in
1207 2207 1264 2250 nos

375 2286 419 2345 Te
433 2284 538 2344 deus?
581 2284 628 2345 Ut
643 2301 765 2362 semper
782 2284 900 2359 gaudes
915 2284 1057 2345 inludere
1071 2287 1164 2346 rebus

374 2382 568 2442 Humanisl’
610 2380 726 2441 Varius
744 2400 859 2459 mappa
873 2400 1068 2460 compescere
1083 2384 1181 2444 risum
1281 2392 1283 2397 '

374 2480 436 2539 Vix
451 2485 582 2558 poterat.
627 2478 755 2538 Balatro
774 2480 970 2558 suspendens
985 2482 1090 2541 omnia
1102 2499 1189 2556 naso,

374 2586 382 2615 ‘
391 2579 480 2640 Haec
495 2584 545 2639 est
558 2577 700 2638 condicio
717 2578 865 2655 vivendi}
880 2579 993 2654 aiebat,
1009 2586 1123 2657 ‘eoque

372 2676 576 2754 Responsura
589 2681 645 2733 tuo
660 2694 832 2751 numquam
851 2682 899 2735 est
914 2694 970 2754 par
984 2677 1070 2736 fama
1083 2675 1192 2736 labori.

372 2774 466 2847 Tene,
482 2779 519 2831 ut
533 2790 590 2848 ego
604 2771 740 2847 accipiar
757 2771 852 2847 laute,
869 2774 1043 2849 torquerier
1057 2773 1141 2833 ornni

373 2868 595 2930 sollicitudine
610 2866 799 2941 districtum,
818 2885 856 2927 ne
871 2869 963 2946 panis
978 2870 1119 2944 adustae,

370 2970 421 3028 Ne
436 2969 518 3028 male
533 2968 695 3028 conditum
711 2968 760 3027 ius
777 2968 961 3045 adponatur,
977 2972 1013 3026 ut
1027 2984 1135 3026 omnes

336 3102 339 3108 -
371 3065 548 3125 Praecincti
563 3071 645 3124 recte
662 3063 751 3143 pueri
769 3062 948 3141 comptique
962 3063 1170 3123 ministrent?

371 3163 462 3222 Adde
477 3162 535 3222 hos
549 3167 712 3241 praeterea
727 3179 827 3236 casus,
843 3159 954 3219 aulaea
968 3165 1061 3219 ruant
1075 3161 1112 3234 si,

371 3260 419 3321 Ut
433 3260 544 3333 modo;
565 3259 592 3319 si
608 3257 748 3336 patinam
766 3258 845 3336 pede
858 3254 967 3334 lapsus
980 3256 1109 3332 frangat
1125 3274 1227 3333 agaso.

370 3355 432 3416 Sed
447 3356 667 3429 convivatoris,
683 3355 731 3414 uti
748 3354 846 3428 ducis,
862 3353 1021 3430 ingenium
1037 3373 1087 3415 res

369 3452 530 3513 Adversae
546 3452 664 3512 nudare
680 3451 790 3524 solent,
807 3450 908 3510 celare
923 3451 1096 3510 secundae)

368 3548 561 3610 Nasidienus
573 3549 613 3609 ad
628 3547 721 3607 haec:
745 3547 835 3607 ‘Tibi
850 3546 892 3620 di,
910 3565 1123 3625 quaecumque
1138 3547 1284 3626 preceris,

368 3644 540 3706 Commoda
553 3646 646 3705 dent!
668 3645 714 3704 ita
728 3644 777 3703 vir
792 3645 892 3704 bonus
907 3662 941 3703 es
956 3644 1149 3722 convivaque
1164 3645 1278 3705 comis’
1286 3668 1294 3722 ;

367 3741 411 3801 Et
424 3741 525 3801 soleas
540 3742 649 3820 poscit.
693 3742 774 3801 Tum
789 3741 822 3799 in
837 3740 919 3800 lecto
933 3760 1056 3819 quoque
1071 3741 1195 3801 videres

369 3836 508 3898 stridere
523 3843 643 3899 secreta
657 3837 777 3898 divisos
792 3855 867 3899 aure
883 3856 1034 3899 susurros.

407 3936 449 3994 H.
479 3934 593 3995 Nullos
608 3935 658 3995 his
673 3934 800 3995 mallem
818 3934 909 3995 ludos
924 3942 1098 4012 spectasse,
1121 3936 1176 3995 sed
1191 3935 1249 3997 illa

367 4032 484 4106 Redde,
501 4050 567 4108 age,
583 4051 662 4109 quae
677 4032 825 4112 deinceps
840 4031 949 4092 risisti.
992 4035 1027 4092 F.
1057 4032 1204 4095 Vibidius
1219 4034 1296 4096 dum

366 4128 495 4199 Quaerit
508 4129 548 4189 de
563 4130 669 4207 pueris
683 4149 759 4188 num
774 4131 817 4190 sit
832 4148 954 4208 quoque
969 4130 1071 4190 fracta
1084 4129 1224 4206 lagoena,

365 4226 454 4297 Quod
469 4226 530 4287 sibi
545 4228 686 4306 poscenti
703 4245 765 4287 non
779 4227 895 4287 dantur
910 4227 1030 4305 pocula,
1047 4228 1184 4305 dumque

365 4324 501 4384 Ridetur
516 4322 601 4385 fictis
615 4342 719 4384 rerum
735 4324 904 4386 Balatrone
919 4324 1064 4401 secundo,
