3592 5067
75 168 1168 497 m

376 955 444 1023 ur]
820 950 935 1002 urana
959 951 994 1002 11.

366 1128 410 1188 ‘Si
425 1126 496 1206 quis
512 1124 626 1186 lectica
639 1124 773 1185 nitidam
789 1130 913 1204 gestare
928 1131 1012 1186 amet
1026 1143 1149 1204 agnam,

287 1246 289 1250 ·
375 1225 460 1285 Huic
475 1228 597 1285 vestem
611 1229 648 1283 ut
662 1229 775 1300 gnatae
791 1230 889 1302 paret,
906 1223 1038 1285 ancillas
1053 1230 1152 1302 paret,
1167 1242 1289 1300 aurum,

375 1323 494 1383 Rufam
509 1327 566 1382 aut
580 1320 736 1381 Pusillam
751 1321 892 1400 appellet
906 1321 1046 1399 fortique
1062 1320 1175 1381 marito

375 1421 523 1481 Destinet
536 1437 684 1495 uxorem;
706 1418 876 1480 interdicto
890 1419 966 1479 huic
981 1438 1072 1480 omne
1086 1419 1207 1480 adimat
1221 1420 1272 1481 ius

345 1544 349 1549 ’
375 1520 505 1580 Praetor
520 1525 552 1578 et
567 1518 608 1577 ad
622 1536 716 1578 sanos
731 1518 822 1578 abeat
838 1517 940 1578 tutela
954 1518 1155 1596 propinquos.

373 1616 481 1687 Quid?
504 1616 530 1677 si
547 1615 619 1694 quis
634 1622 761 1691 gnatam
777 1635 833 1693 pro
849 1623 937 1675 muta
951 1615 1085 1675 devovet
1099 1633 1189 1691 agna,

375 1715 503 1791 Integer
516 1719 566 1773 est
580 1712 707 1773 animi?
748 1714 780 1773 N
782 1732 799 1773 e
814 1713 943 1773 dixeris.
985 1714 1070 1790 Ergo
1084 1712 1138 1772 ubi
1153 1729 1251 1789 prava

277 1883 284 1890 ‚
374 1812 529 1885 Stultitia,
545 1811 596 1871 hic
612 1830 735 1871 summa
749 1817 798 1872 est
812 1811 953 1885 insania,
976 1811 1031 1887 qui
1047 1809 1217 1871 sceleratus

373 1910 416 1968 Et
429 1909 568 1968 furiosus
583 1909 661 1983 erit3
684 1927 774 1985 quem
793 1909 878 1986 cepit
893 1909 995 1968 vitrea
1008 1909 1103 1981 fama,

374 2006 469 2065 Hunc
483 2006 708 2065 circumtonuit
724 2005 864 2082 gaudens
880 2005 1014 2066 Bellona
1027 2004 1174 2064 cruentis,

411 2103 443 2163 N
447 2121 507 2163 unc
521 2121 587 2178 age,
603 2101 761 2161 luxuriam
777 2108 810 2162 et
824 2103 1059 2162 Nomentanum
1074 2101 1178 2178 arripe
1193 2117 1332 2160 mecum:

372 2200 488 2260 Vincet
502 2200 585 2259 enim
601 2199 717 2260 stultos
732 2200 813 2260 ratio
829 2200 967 2260 insanire
982 2206 1120 2276 nepotes.

372 2297 435 2357 Hic
451 2296 545 2356 simul
561 2297 682 2374 accepit
697 2295 867 2375 patrimoni
883 2296 972 2356 mille
989 2295 1118 2370 talenta,

371 2393 489 2468 Edicit,
505 2394 644 2472 piscator
659 2395 715 2468 uti,
732 2394 903 2472 pomarius,
919 2412 1042 2471 auceps,

371 2492 612 2568 Unguentarius
627 2509 663 2550 ac
679 2492 773 2551 Tusci
789 2491 883 2551 turba
897 2490 996 2568 impia
1009 2489 1082 2564 vici,

371 2588 449 2650 cnm
466 2589 583 2648 scurris
598 2589 708 2663 fartor,
723 2607 794 2648 cum
811 2587 947 2647 Velabro
963 2605 1052 2646 omne
1068 2586 1231 2646 macellum

371 2685 608 2745 Menedemum
624 2686 762 2744 veniant.
792 2685 873 2755 Quid
889 2686 984 2744 tum?
1013 2684 1133 2743 Venere
1148 2684 1346 2759 frequentem
1389 2694 1435 2740 cao

371 2782 475 2841 Verba
489 2782 568 2841 facit
582 2781 669 2840 leno:
694 2781 870 2858 ‘Quicquid
886 2780 973 2855 mihi,
989 2780 1141 2857 quicquid
1155 2786 1188 2838 et
1203 2779 1314 2839 horum

370 2877 492 2955 Cuique
506 2877 592 2937 domi
606 2885 665 2951 est,
681 2878 715 2936 id
730 2877 820 2937 crede
836 2884 925 2936 tuum
941 2883 973 2936 et
988 2875 1038 2935 vel
1053 2895 1136 2936 nunc
1151 2884 1223 2955 pete
1239 2874 1288 2935 vel
1303 2876 1392 2935 cras!

369 2975 486 3051 Accipe
502 2974 579 3051 quid
595 2981 705 3034 contra
719 2974 842 3033 iuvenis
857 2973 1056 3050 responderit
1070 2991 1198 3051 aequus.

369 3070 426 3129 ‘In
442 3072 514 3130 nive
530 3072 658 3130 Lucana
672 3071 791 3131 dormis
806 3078 958 3144 ocreatus,
974 3078 1010 3130 ut
1024 3090 1134 3149 aprum

369 3168 484 3228 Cenem
499 3186 573 3243 ego,
596 3174 632 3227 tu
647 3168 744 3245 piscis
759 3167 890 3227 hiberno
906 3185 944 3226 ex
959 3186 1093 3245 aequore
1109 3166 1216 3226 verris.
1389 3177 1433 3224 23¹5

369 3263 481 3340 Segnis
496 3282 563 3340 ego,
579 3265 729 3340 indignus
744 3265 798 3341 qui
814 3272 936 3324 tantum
954 3264 1149 3341 possideam
1172 3263 1278 3322 aufer!

369 3361 464 3421 Sume
478 3361 536 3420 tibi
554 3362 690 3421 deciens.
733 3361 806 3421 Tibi
823 3360 1019 3420 tantundem.
1063 3360 1136 3420 Tibi
1151 3359 1278 3437 triplex,

338 3515 341 3522 .
368 3458 464 3519 Unde
478 3449 557 3517 uxor
571 3459 676 3519 media
690 3459 789 3518 currit
804 3459 842 3518 de
857 3465 949 3517 nocte
964 3457 1093 3517 vocata'

408 3556 510 3616 Filius
525 3556 643 3634 Aesopi
660 3557 832 3615 detractam
849 3573 888 3614 ex
904 3573 979 3614 aure
994 3553 1154 3629 Metellae,

368 3651 496 3712 Scilicet
509 3660 546 3713 ut
560 3653 686 3713 deciens
703 3653 838 3713 solidum
854 3651 1042 3725 absorberet,
1058 3659 1147 3711 aceto
1260 3716 1262 3719 Α
1387 3664 1432 3709 240

366 3749 472 3809 Diluit
487 3750 645 3825 insignem
660 3751 786 3811 bacam:
810 3749 865 3827 qui
881 3748 995 3821 sanior,
1010 3748 1087 3809 acsi

367 3846 453 3906 Illud
467 3846 552 3906 idem
567 3846 601 3906 in
616 3847 761 3925 rapidum
777 3846 894 3906 flumen
911 3846 1065 3906 iaceretve
1079 3843 1244 3906 cloacam?

366 3943 475 4014 Quinti
491 3944 657 4022 progenies
673 3944 756 4019 Arri,
772 3963 830 4022 par
844 3943 950 4002 nobile
965 3942 1110 4017 fratrum,

365 4041 520 4118 Nequitia
534 4048 567 4100 et
581 4043 683 4117 nugis,
700 4060 867 4119 pravorum
883 4048 916 4100 et
930 4059 1034 4100 amore
1049 4039 1228 4117 gemellum,

365 4137 531 4198 Luscinias
547 4139 635 4199 soliti
645 4140 793 4217 impenso
808 4138 961 4216 prandere
976 4145 1145 4216 coemptas,
1349 4208 1351 4213 Ι
1385 4146 1429 4194 mo

364 4233 518 4304 Quorsum
535 4236 676 4295 abeant?
723 4236 798 4295 Sani
814 4243 849 4295 ut
864 4243 950 4296 creta
963 4254 1004 4296 an
1018 4236 1152 4296 carbone
1168 4234 1297 4294 notati?

404 4332 583 4393 Aedificare
598 4351 696 4409 casas,
711 4332 862 4412 plostello
875 4334 1045 4410 adiungere
1060 4350 1175 4406 mures,
