3592 5067
778 895 984 947 suuuouuu
1358 894 1404 960 [u

467 1065 495 1131 c)
517 1066 637 1119 Lucilius
657 1068 748 1120 marks
770 1084 805 1119 au
828 1068 947 1119 advanoe
970 1081 1006 1118 ou
1029 1068 1072 1119 his
1094 1068 1288 1132 predecessore.
1324 1066 1365 1117 lle
1389 1067 1411 1118 is

550 1143 647 1209 faulty,
663 1147 795 1207 however,
811 1146 888 1195 when
906 1144 1006 1209 iudged
1024 1146 1059 1208 by
1072 1145 1119 1195 the
1133 1144 1228 1209 higher
1239 1142 1369 1195 standard
1381 1142 1410 1193 oi

551 1220 681 1273 Horace‘s
693 1237 754 1273 own
766 1222 829 1285 day,
843 1222 941 1282 64-71;

466 1298 497 1363 d)
518 1298 624 1349 Horace
636 1300 726 1349 writes
738 1306 766 1349 to
777 1298 866 1361 please
880 1311 896 1347 a
912 1296 990 1347 small
1006 1295 1059 1348 and
1076 1296 1179 1348 critical
1195 1295 1273 1347 circle
1289 1295 1318 1346 oi
1332 1295 1409 1346 culti·

549 1375 629 1426 vated
651 1390 722 1426 men.
772 1375 815 1424 lle
838 1374 958 1437 despiaes
979 1373 1026 1424 the
1048 1373 1152 1423 verdict
1174 1371 1203 1424 oi
1230 1372 1277 1422 the
1300 1372 1409 1436 general

549 1452 649 1514 publio,
664 1454 742 1503 72-91
757 1469 763 1512 ;

466 1529 494 1593 e)
516 1527 598 1579 Alter
608 1529 671 1579 thus
683 1528 802 1593 defiuing
813 1527 856 1578 his
867 1526 946 1589 ideal,
960 1527 993 1578 he
1004 1526 1134 1577 lauuchee
1146 1526 1188 1577 hie
1199 1524 1280 1587 book,
1293 1524 1335 1575 92.

389 1640 657 1714 ammomum

491 1830 588 1895 Lucili,
603 1833 891 1902 quemammodum,
906 1841 967 1885 leste
982 1832 1084 1886 Catone

491 1918 639 1987 Defemore
652 1929 696 1971 tuo
706 1920 869 1987 pervincum,
884 1920 930 1990 qui
942 1920 1010 1972 mule
1017 1920 1108 1989 socios

490 2004 644 2058 Emendare
653 2016 736 2075 porci
749 2024 847 2070 versus,
860 2008 908 2060 loc
922 2007 1006 2059 lenius
1018 2007 1072 2073 ille,

493 2090 551 2151 Quo
564 2093 655 2145 melior
670 2093 745 2146 ciret
758 2104 794 2146 est
807 2095 884 2163 lcnpe
896 2093 1015 2147 subtilior
1028 2094 1081 2157 illo,

492 2178 546 2239 Qui
557 2180 665 2231 mulium
675 2190 780 2249 puerei
793 2181 856 2235 loris
869 2190 892 2233 el
897 2180 1013 2249 funibus
1027 2181 1089 2233 udis

489 2264 635 2329 Exorcms,
650 2277 677 2318 ut
690 2278 756 2320 esset
768 2285 841 2336 opem
855 2269 901 2337 qui
907 2267 984 2336 serre
994 2268 1079 2335 poetic

488 2353 614 2423 Antiquis
624 2364 712 2422 posset
724 2364 815 2408 contra
822 2355 941 2423 fastidio
954 2364 1052 2418 nostra,

492 2438 731 2494 Grammaticorum
744 2442 858 2510 equitum
872 2441 1045 2495 doctissimus.
1087 2439 1123 2493 U!
1136 2441 1241 2493 redeam
1254 2440 1334 2493 illuc:

386 2622 510 2699 Nempe
525 2622 734 2700 incomposito
748 2622 814 2682 dixi
830 2623 909 2700 pede
924 2640 1047 2683 currere
1061 2640 1171 2682 versus

345 2718 458 2778 Lucili.
502 2718 579 2788 Quis
594 2726 659 2779 tam
675 2717 778 2778 Lucili
794 2720 899 2779 fautor
914 2720 1020 2797 inepte
1035 2725 1084 2779 est

346 2817 393 2876 Ut
407 2833 469 2874 non
485 2814 544 2875 hoc
560 2815 724 2874 fateatur?
766 2816 811 2875 At
827 2816 919 2889 idem,
936 2816 1020 2893 quod
1035 2814 1100 2876 sale
1115 2814 1215 2875 multo

345 2912 465 2972 Urbem
481 2912 641 2986 defricuit,
658 2913 767 2972 charta
782 2912 929 2971 laudatur
943 2912 1061 2972 eadem.
1250 2901 1253 2907 ¹

343 3010 536 3083 Nectameu,
552 3008 612 3069 hoc
624 3009 776 3082 tribuens,
787 3008 925 3068 dederim
935 3026 1059 3086 quoque
1069 3015 1188 3085 cetera3
1204 3026 1276 3067 nam
1288 3007 1334 3067 sic
1388 3020 1404 3066 5

344 3107 387 3165 Et
401 3106 515 3166 Laberi
531 3106 653 3180 mimos,
669 3111 705 3166 ut
720 3104 852 3184 pulchra
866 3113 1018 3183 poemata,
1035 3106 1138 3165 mirer.

384 3203 468 3279 Ergo
484 3221 546 3262 nou
562 3203 640 3263 satis
656 3208 705 3263 est
720 3203 786 3261 risu
802 3202 947 3262 diducere
962 3187 1076 3262 rictum

343 3300 526 3374 Auditoris;
552 3307 584 3359 et
598 3306 646 3359 est
661 3301 812 3378 quaedam
830 3306 935 3358 tamen
951 3298 1002 3359 hic
1017 3316 1141 3377 quoque
1157 3298 1265 3360 virtus.

343 3398 402 3457 Est
416 3396 572 3456 brevitate
588 3414 676 3474 opuS,
693 3404 728 3456 ut
744 3404 849 3456 currat
863 3396 1022 3456 sententia
1037 3413 1098 3455 neu
1114 3412 1147 3455 se
1236 3401 1238 3406 '

343 3493 504 3571 Impediat
519 3493 623 3553 verbis
641 3492 739 3553 lassas
755 3493 959 3553 onerantibus
974 3492 1068 3565 auris,

343 3590 387 3650 Et
400 3608 542 3650 sermone
558 3608 636 3666 opus
653 3595 702 3651 est
717 3590 809 3649 modo
824 3589 919 3663 tristi,
936 3606 1028 3666 saepe
1043 3590 1156 3663 iocoso,

343 3688 543 3747 Defendeute
559 3687 658 3747 vicem
677 3688 768 3746 modo
783 3687 917 3747 rhetoris
933 3694 1027 3763 atque
1042 3692 1163 3763 poetae,

344 3783 507 3843 Interdum
524 3783 638 3843 urbani
652 3781 812 3861 parcentis
827 3783 946 3843 viribus
961 3790 1056 3860 atque

344 3880 556 3940 Extenuautis
572 3897 626 3940 eas
641 3880 791 3940 consultu.

842 3977 1022 4036 Ridiculum
1040 3976 1104 4036 acri

344 4074 470 4135 Fortius
486 4081 519 4134 et
532 4074 646 4136 melius
661 4093 791 4152 magnas
806 4073 991 4152 plerumque
1006 4081 1091 4133 secat
1106 4092 1165 4136 res.

344 4170 408 4246 Illi,
425 4171 544 4249 scripta
559 4172 673 4249 quibus
687 4172 848 4232 comoedia
861 4171 966 4249 prisca
979 4170 1056 4230 viris
1071 4178 1129 4245 est,

345 4268 416 4329 Hoc
431 4269 569 4345 stabant,
584 4267 642 4329 hoc
658 4275 732 4332 sunt
746 4268 911 4345 imitandi;
934 4286 1013 4347 quoe
1028 4285 1130 4348 neque
1144 4266 1276 4349 pulcher
