3592 5067
804 925 1008 978 SERMONUM

877 1099 922 1158 ΙΙ.

443 1212 500 1264 The
513 1227 669 1266 eoarseness
682 1216 711 1265 ol
722 1215 777 1266 this
788 1215 870 1266 satire
882 1213 958 1265 leads
970 1218 999 1264 to
1010 1212 1138 1264 omission
1151 1211 1180 1263 ol
1192 1226 1228 1262 an
1239 1209 1351 1263 outline.

264 1343 265 1346 ¹
365 1313 617 1375 Ambubaiarum
633 1314 774 1393 collegia,
790 1313 1059 1393 pharmacopolae,

366 1411 516 1487 Mendici,
532 1412 655 1489 mimae,
672 1411 859 1487 balatrones,
875 1413 934 1472 hoc
949 1429 1046 1488 genus
1061 1429 1152 1471 omne

366 1509 524 1569 Maestum
540 1528 575 1570 ao
592 1508 763 1570 sollicitum
780 1515 829 1569 est
844 1510 981 1569 cantoris
997 1515 1096 1568 morte
1111 1506 1235 1585 Tigelli.

365 1605 487 1683 Quippe
503 1607 657 1683 benignus
673 1613 748 1666 erat.
794 1606 911 1667 Contra
925 1606 985 1681 hic,
1000 1625 1039 1666 ne
1054 1605 1204 1683 prodigus
1219 1621 1287 1664 esse

366 1703 498 1762 Dicatur
513 1712 665 1778 metuenS,
681 1703 768 1781 inopi
784 1703 858 1764 dare
874 1704 954 1764 nolit
968 1704 1077 1778 amice,
1413 1708 1429 1753 ὅ

366 1800 479 1875 Frigus
494 1819 557 1877 quo
572 1801 744 1878 duramque
761 1802 876 1861 famem
894 1799 1066 1878 propellere
1081 1799 1190 1877 possit.

367 1896 462 1955 Hunc
476 1897 503 1955 si
519 1897 721 1973 perconteris,
738 1899 790 1957 avi
806 1904 970 1974 curatque
986 1898 1125 1974 parentis

366 1992 564 2052 Praeclaram
579 1994 704 2069 ingrata
719 1994 856 2069 stringat
870 1994 972 2053 malus
988 1992 1128 2068 ingluvie
1143 2010 1218 2066 rem,

366 2088 481 2150 Omnia
496 2089 659 2150 conductis
675 2106 818 2150 coemens
834 2090 964 2149 obsonia
979 2089 1132 2165 nummis3

367 2185 518 2245 Sordidus
534 2191 629 2263 atque
644 2186 742 2246 animi
760 2186 842 2262 quod
858 2186 949 2263 parvi
964 2185 1044 2245 nolit
1059 2184 1176 2259 haberi,
1400 2192 1428 2238 ιο

366 2281 557 2358 Respondet.
601 2282 764 2341 Laudatur
779 2282 818 2342 ab
833 2282 893 2355 his,
908 2281 1055 2358 culpatur
1069 2281 1108 2340 ab
1125 2280 1198 2339 ulis.

365 2377 508 2437 Fufidius
524 2396 645 2455 vappae
660 2377 777 2437 famam
794 2379 886 2436 timet
901 2395 936 2436 ac
951 2377 1126 2450 nebulonis,

366 2475 463 2533 Dives
477 2475 572 2549 agris,
588 2475 677 2533 (lives
692 2474 804 2551 positis
820 2474 852 2531 in
869 2473 995 2532 faenore
1010 2473 1165 2547 nummis3

365 2570 484 2640 Quinas
499 2570 552 2629 hic
567 2570 664 2648 capiti
680 2569 838 2629 mercedes
854 2577 988 2643 exsecat,
1004 2577 1098 2645 atque

365 2667 488 2737 Quanto
503 2666 658 2744 perditior
672 2667 806 2743 quisque
821 2672 878 2740 est,
894 2672 983 2725 tanto
998 2668 1100 2725 acrius
1116 2670 1243 2742 urguet3
1399 2675 1429 2721 15

365 2762 506 2823 Nomina
526 2766 664 2821 sectatur
683 2760 777 2818 modo
791 2769 918 2840 sumpta
932 2769 1019 2821 veste
1034 2761 1120 2820 virili

367 2858 431 2918 Sub
447 2858 589 2934 patribus
605 2858 692 2918 duris
708 2857 854 2918 tironum.
899 2859 1073 2918 ‘Maxime'
1090 2858 1161 2935 quis
1177 2876 1238 2917 non

367 2955 529 3031 ‘Iuppiter
539 2954 564 3013 l'
580 2954 745 3027 exclamat,
762 2955 856 3013 sirnul
871 2962 966 3032 atque
981 2954 1130 3014 audivit?
1172 2957 1235 3013 ‘At
1248 2955 1280 3012 in
1297 2971 1330 3012 se

365 3052 428 3110 Pro
442 3057 575 3126 quaestu
591 3057 752 3127 sumptum
769 3051 866 3110 facit!
909 3052 999 3110 Hie?
1041 3052 1103 3109 Vix
1118 3050 1243 3110 credere
1259 3049 1369 3127 possis,

365 3147 464 3217 Quam
481 3147 542 3207 sibi
558 3166 619 3206 non
634 3148 677 3207 sit
692 3148 820 3222 amicus,
836 3148 882 3207 ita
896 3157 931 3207 ut
946 3153 1036 3225 pater
1049 3147 1113 3221 ille,
1128 3149 1256 3207 Terenti
1397 3158 1428 3204 20

366 3243 486 3303 Fabula
500 3262 594 3320 quenl
610 3244 758 3304 miserum
774 3252 869 3319 gnato
884 3245 1001 3304 vixisse
1016 3244 1126 3319 fugato

367 3340 505 3414 Inducit,
521 3359 583 3399 non
599 3358 633 3400 se
648 3342 737 3417 peius
753 3341 940 3400 cruciaverit
954 3346 1048 3416 atque
1063 3341 1123 3399 hic.

389 3441 391 3444 ’
406 3437 439 3496 Si
455 3438 527 3513 quis
542 3454 625 3496 nuno
640 3444 770 3514 quaerat
787 3437 871 3506 ‘Quo
885 3455 935 3496 res
950 3436 1025 3496 haec
1041 3436 1179 3514 pertinet
1190 3438 1225 3495 ?'
1266 3434 1365 3495 Illuc:

255 3565 257 3568 ·
365 3535 450 3594 Dum
466 3534 570 3593 vitant
585 3534 676 3594 stulti
692 3533 780 3607 vitia,
796 3533 828 3591 in
845 3534 1002 3593 contraria
1016 3539 1154 3593 currunt.

405 3630 562 3690 Maltinus
577 3631 695 3689 tunicis
709 3630 857 3690 demissis
872 3629 1029 3705 ambulat;
1052 3636 1100 3689 est
1115 3630 1170 3708 qui
1397 3643 1427 3688 re

365 3728 486 3802 Inguen
503 3726 543 3785 ad
558 3726 726 3786 obscenum
742 3726 905 3786 subductis
921 3745 1019 3803 usque
1034 3728 1165 3789 facetus.

366 3822 516 3883 Pastillos
532 3822 672 3883 Rufillus
687 3823 760 3898 olet,
776 3824 954 3899 Gargonius
969 3823 1099 3884 hircum.

365 3920 420 3978 Nil
437 3920 574 3980 inedium
591 3926 647 3980 est.
692 3921 774 3979 Sunt
789 3920 843 3997 qui
858 3919 961 3980 nolint
976 3921 1118 3996 tetigisse
1134 3922 1194 3979 nisi
1209 3920 1291 3994 illas,

365 4017 502 4085 Quarum
518 4017 651 4077 subsuta
664 4016 746 4076 talos
761 4023 848 4093 tegat
862 4018 976 4076 instita
990 4026 1093 4093 veste3

365 4115 482 4173 Contra
497 4113 578 4173 alius
594 4112 714 4172 nullam
730 4113 792 4172 nisi
808 4114 905 4173 olenti
920 4115 953 4171 in
968 4114 1088 4173 fornice
1103 4119 1247 4174 stantem.
1397 4125 1427 4170 3ο

405 4209 540 4279 Quidam
556 4218 649 4270 notus
665 4209 758 4270 homo
773 4230 842 4269 cunr
860 4211 960 4270 exiret
975 4210 1104 4285 fornice,
1121 4212 1242 4270 ‘Macte

367 4306 493 4368 Virtute
508 4309 593 4368 esto’
609 4307 715 4386 inquit
730 4307 887 4369 sententia
901 4309 954 4368 dia
969 4308 1115 4369 Catonis:
