3592 5067
821 931 934 982 ursae
958 931 994 981 11.
1393 920 1436 986 43

604 1105 635 1171 2)
655 1105 698 1156 He
710 1106 760 1156 hes
771 1104 888 1169 enioyed
905 1106 951 1156 the
967 1118 1040 1155 same
1055 1104 1125 1167 good
1142 1104 1260 1166 lortune,
1274 1106 1302 1155 in
1320 1107 1389 1170 spite
1406 1106 1436 1157 ot

688 1182 730 1232 his
742 1180 866 1231 humbler
879 1181 965 1246 origin
977 1180 1031 1230 and
1044 1179 1148 1244 ability,
1163 1182 1245 1232 74-79
1256 1189 1275 1243 ς’

487 1261 515 1325 c)
538 1258 628 1309 When
643 1258 752 1308 warned
771 1259 831 1308 that
848 1260 924 1309 there
939 1257 962 1308 is
977 1273 994 1308 a
1009 1259 1060 1307 law
1072 1259 1177 1321 against
1192 1258 1365 1324 lampooning
1380 1273 1434 1324 any

571 1348 622 1385 one
634 1336 699 1386 with
713 1334 764 1386 bad
780 1336 837 1400 (te.
850 1336 975 1399 abusive)
988 1348 1085 1395 verses,
1100 1335 1204 1385 Horace
1215 1337 1319 1386 refuses
1330 1344 1359 1386 to
1371 1335 1434 1386 take

569 1413 616 1462 the
634 1419 733 1462 matter
751 1412 892 1476 seriously.
931 1412 973 1461 He
993 1412 1080 1461 writes
1097 1410 1161 1473 only
1177 1412 1248 1474 good
1264 1424 1362 1473 verses,
1380 1411 1433 1461 and

569 1488 615 1538 the
627 1488 679 1538 law
691 1488 757 1538 does
769 1495 818 1538 not
830 1489 911 1551 apply
925 1496 953 1538 to
965 1488 1031 1549 blm,
1045 1487 1135 1538 79-86.

412 1619 439 1669 3.
465 1618 562 1669 Time:
580 1615 613 1665 30
625 1630 680 1666 ac.

411 1801 487 1860 Hor.
518 1799 600 1859 Sunt
614 1799 731 1875 quibus
747 1798 779 1856 in
795 1805 903 1858 satura
917 1798 1025 1858 videar
1038 1796 1134 1858 nimis
1149 1815 1220 1857 acer
1234 1803 1267 1858 et
1281 1797 1365 1857 ultra

369 1898 484 1973 Legem
499 1897 628 1956 tendere
643 1914 739 1973 opus;
763 1895 831 1954 sine
846 1896 953 1955 nervis
967 1895 1067 1954 altera
1081 1895 1233 1973 quicquid

369 1993 538 2071 Composui
553 2011 627 2069 pars
641 2009 710 2051 esse
727 2000 818 2069 putat
833 1991 1009 2069 similisque
1024 2011 1162 2051 meorum

368 2090 460 2150 Mille
475 2090 527 2149 die
543 2107 652 2148 versus
667 2089 781 2148 deduci
797 2107 896 2166 posse.
940 2088 1078 2162 Trebati,

368 2187 451 2258 Quid
466 2187 591 2260 faciam,
608 2186 794 2263 praescribe.
842 2188 927 2245 Treb.
958 2186 1115 2256 Quiescas.
1158 2187 1201 2245 Η.
1230 2186 1280 2245 Ne

489 2282 615 2358 faciam,
632 2283 749 2360 inquis,
1416 2297 1432 2341 s

368 2382 506 2443 Omnino
521 2381 657 2441 versus?
705 2383 738 2440 T.
768 2381 838 2440 Aio.
882 2382 925 2441 H.
955 2381 1084 2440 Peream
1100 2381 1190 2454 male,
1208 2380 1312 2440 sinon

367 2475 530 2557 Optimum
546 2484 631 2552 erat3
649 2497 757 2538 verum
773 2497 895 2554 nequeo
910 2479 1053 2538 dormire.
1101 2481 1133 2537 T.
1164 2480 1225 2537 Ter
1240 2479 1328 2538 uncti

366 2577 566 2637 Transnanto
580 2576 731 2644 Tiberim,
747 2593 856 2635 somno
871 2576 985 2653 quibus
1001 2582 1049 2635 est
1062 2594 1141 2653 opus
1156 2575 1230 2648 alto,

367 2673 589 2750 Irriguumque
604 2690 690 2730 mero
705 2674 765 2732 sub
778 2680 901 2731 noctem
918 2690 1029 2749 corpus
1045 2672 1189 2733 habento.

366 2770 434 2829 Aut
448 2771 476 2829 si
491 2776 599 2828 tantus
614 2785 702 2827 amor
716 2768 874 2828 scribendi
890 2777 921 2827 te
936 2770 1028 2844 rapit,
1043 2769 1123 2829 aude

367 2865 510 2925 Caesaris
526 2864 639 2922 invicti
654 2882 704 2923 res
720 2864 833 2937 dicere,
850 2864 950 2923 multa
964 2864 1106 2924 laborum

366 2962 513 3021 Praemia
528 2959 658 3019 laturus
703 2962 744 3019 H.
775 2960 944 3036 Cupidum,
961 2968 1049 3036 pater
1063 2962 1192 3038 optime,
1208 2963 1292 3021 vires

366 3057 544 3131 Deficiunt3
568 3074 670 3133 neque
685 3057 770 3115 enim
785 3057 892 3134 quivis
908 3057 1069 3115 horrentia
1083 3058 1159 3134 pilis

366 3155 505 3229 Agmina
518 3172 576 3213 nec
591 3154 694 3213 fracta
708 3153 870 3231 pereuntis
885 3152 1015 3229 cuspide
1031 3154 1140 3214 Gallos

366 3251 433 3310 Aut
447 3250 583 3311 labentis
598 3268 678 3327 equo
693 3250 852 3310 describat
868 3250 997 3308 vulnera
1011 3251 1132 3310 Parthi,

370 3350 402 3407 T.
434 3348 584 3407 Attamen
600 3354 632 3405 et
647 3348 766 3406 iustum
783 3355 907 3424 poteras
923 3357 955 3405 et
971 3347 1105 3407 scribere
1121 3349 1246 3421 fortem,

366 3444 547 3521 Scipiadam
562 3450 598 3502 nt
613 3445 740 3521 sapiens
757 3443 908 3503 Lucilius.
951 3446 993 3503 H.
1023 3444 1119 3503 Haud
1134 3445 1215 3503 mihi
1230 3446 1313 3519 dero,

365 3540 445 3602 Cum
461 3559 510 3601 res
526 3540 596 3617 ipsa
611 3539 707 3614 feret3
731 3539 793 3599 nisi
808 3540 921 3599 dextro
936 3545 1083 3617 tempore,
1101 3541 1206 3601 Flacci

366 3637 470 3697 Verba
484 3656 540 3715 per
554 3643 708 3696 attentam
725 3655 786 3695 non
804 3636 896 3696 ibunt
911 3636 1052 3697 Caesaris
1068 3655 1185 3712 aurem,

365 3733 424 3795 Cui
440 3733 521 3794 male
536 3736 563 3794 si
579 3732 717 3811 palpere,
733 3732 913 3793 recalcitrat
927 3733 1065 3811 undique
1081 3744 1178 3795 tutus.
1399 3750 1429 3795 20

410 3833 443 3890 T.
472 3832 597 3902 Quanto
613 3831 730 3890 rectius
744 3830 812 3904 hoo,
828 3849 925 3907 quam
940 3831 1026 3890 tristi
1040 3831 1164 3891 laedere
1179 3850 1272 3893 versu

365 3928 574 3988 Pantolabum
590 3946 730 3988 scurram
744 3928 1044 4005 Nomentanumque
1059 3939 1215 4008 nepotem,
1293 3968 1295 3971 >

364 4024 442 4086 Cum
459 4026 519 4086 sibi
535 4027 670 4102 quisque
686 4026 787 4099 timet,
804 4043 995 4103 quamquam
1011 4034 1059 4085 est
1074 4023 1222 4102 intactus,
1238 4037 1271 4087 et
1285 4029 1360 4088 odit.

365 4124 406 4184 H.
435 4123 518 4194 Quid
534 4123 677 4182 faciam?
721 4121 825 4182 Saltat
840 4123 1002 4196 Milonius,
1018 4130 1054 4182 ut
1068 4124 1164 4184 semel
1181 4126 1245 4184 icto

364 4222 509 4281 Accessit
521 4221 629 4279 fervor
643 4220 742 4297 capiti
757 4239 968 4298 numerusque
984 4220 1137 4297 lucernis;
1399 4238 1427 4283 aa

365 4318 475 4379 Castor
489 4318 607 4394 gaudet
621 4318 721 4396 equis,
737 4336 796 4378 ovo
810 4328 982 4395 prognatus
996 4319 1105 4378 eodem
