3592 5067
372 961 407 1029 r]
815 957 929 1012 arnna
952 958 988 1013 n

372 1134 420 1196 Ut
434 1134 541 1195 vineta
554 1138 678 1210 egomet
690 1134 819 1195 caedam
833 1152 1030 1195 mea-cum
1045 1133 1105 1195 tibi
1118 1132 1233 1195 librum

373 1232 516 1292 Sollicito
530 1232 641 1292 damus
656 1237 710 1292 aut
725 1231 827 1307 fess05
850 1249 922 1291 cum
935 1231 1098 1306 laedimur,
1112 1251 1210 1292 unum

372 1328 405 1390 Si
421 1330 493 1408 quis
508 1329 679 1389 amicorum
694 1335 743 1390 est
757 1347 853 1390 ausus
868 1330 1094 1407 reprehendere
1109 1347 1252 1408 versum;

371 1425 449 1487 Cum
465 1426 533 1486 loca
547 1426 610 1486 iam
625 1426 758 1487 recitata
771 1425 964 1487 revolvimus
980 1426 1166 1503 inrevocati3

370 1523 449 1586 Cum
464 1523 681 1599 lamentamur,
696 1542 759 1584 non
774 1541 925 1602 apparere
940 1523 1061 1585 labores

368 1621 504 1683 Nostros
519 1628 551 1681 et
565 1621 653 1681 tenui
669 1622 805 1682 deducta
818 1628 964 1698 poemata
978 1621 1047 1697 filo;

370 1718 449 1779 Cum
464 1737 626 1797 speramus
641 1737 677 1779 eo
692 1738 758 1779 rem
773 1723 949 1793 venturam,
964 1725 1000 1778 ut
1015 1718 1108 1779 simul
1123 1725 1219 1797 atquc

370 1815 518 1878 Carmina
533 1816 673 1877 rescieris
689 1836 746 1877 nos
761 1815 888 1892 fingere,
903 1816 1083 1877 commodus
1098 1815 1181 1875 ultro

370 1914 519 1974 Arcessas
534 1919 566 1973 et
580 1931 669 1990 egere
685 1920 772 1974 vetes
787 1919 820 1973 et
834 1912 970 1973 scribere
984 1930 1085 1991 cogas.

410 2010 472 2070 Sed
487 2018 593 2070 tamen
607 2017 656 2071 est
671 2028 783 2089 operae
798 2010 935 2088 pretium
950 2028 1143 2086 cognoscere,
1159 2010 1262 2088 qualis

369 2105 523 2167 Aedituos
539 2106 653 2167 habeat
666 2107 743 2170 belli
759 2111 902 2185 spectata
915 2106 1062 2184 domique

368 2204 488 2279 Virtus,
507 2204 638 2282 indigno
653 2223 715 2264 non
729 2203 957 2265 committenda
972 2211 1088 2281 poetae.

369 2301 487 2363 Gratus
502 2302 684 2362 Alexandro
700 2302 765 2379 regi
781 2301 898 2377 Magno
913 2300 977 2360 fuit
993 2300 1046 2361 ille

369 2397 543 2474 Choerilus,
559 2400 687 2460 incultis
704 2399 758 2479 qui
775 2399 916 2458 versibus
930 2405 963 2458 et
977 2398 1058 2458 male
1072 2398 1157 2459 natis

369 2496 508 2557 Rettulit
522 2503 675 2575 acceptos,
692 2496 795 2573 regale
810 2495 974 2570 nomisma,
989 2496 1164 2573 Philippos.

368 2595 428 2655 Sed
443 2595 543 2655 veluti
559 2600 694 2655 tractata
708 2600 814 2654 notam
830 2592 993 2669 labemque
1008 2593 1176 2652 remittunt

367 2692 563 2766 Atramenta,
578 2692 646 2752 fere
661 2691 829 2768 scriptores
844 2688 981 2749 carmine
995 2689 1087 2749 foedo

367 2787 541 2866 Splendida
554 2788 641 2847 facta
654 2787 768 2847 linunt.
813 2786 903 2844 Idem
918 2803 973 2845 rex
989 2784 1051 2859 ille,
1066 2803 1178 2864 poema

370 2886 430 2957 Qui
445 2893 510 2946 tam
526 2885 693 2945 ridiculum
708 2890 773 2943 tam
789 2899 860 2942 care
874 2881 1023 2959 prodigus
1038 2881 1123 2956 emit,

367 2983 480 3047 Edicto
496 2982 606 3056 vetuit,
621 2980 795 3059 nequisse
810 2984 935 3056 praeter
949 2977 1084 3055 Apellen

366 3079 524 3156 Pingeret‚
540 3085 595 3139 aut
608 3077 691 3138 alius
706 3076 849 3154 Lysippo
863 3075 991 3134 duceret
1005 3092 1077 3134 aera

366 3177 471 3238 Fortis
486 3174 660 3236 Alexandri
676 3174 797 3234 voltum
813 3170 1004 3231 simulantia
1047 3170 1136 3242 Quod
1150 3169 1177 3231 si

366 3272 524 3334 Iudicium
539 3272 655 3333 subtile
670 3269 818 3331 videndis
833 3267 954 3328 artibus
969 3267 1049 3328 illud

367 3370 418 3430 Ad
433 3370 530 3431 libros
545 3376 577 3429 et
591 3370 630 3429 ad
646 3370 723 3428 haec
738 3368 902 3427 Musarum
917 3364 1001 3425 dona
1014 3383 1149 3440 vocares,

367 3467 518 3527 Boeotum
535 3466 568 3525 in
583 3484 688 3526 crasso
702 3465 822 3524 iurares
837 3471 908 3522 aere
922 3467 1040 3521 natum.

406 3565 452 3624 At
465 3582 566 3642 neque
580 3563 769 3622 dedecorant
783 3566 840 3620 tua
853 3559 892 3619 de
908 3577 941 3620 se
957 3559 1073 3619 iudicia
1086 3564 1181 3638 atque

366 3662 499 3721 Munera
513 3678 592 3739 quae
607 3660 708 3719 multa
722 3658 828 3719 dantis
842 3675 912 3716 cum
928 3655 1019 3716 laude
1034 3656 1176 3716 tulerunt

366 3757 483 3817 Dilecti
497 3757 557 3817 tibi
567 3756 731 3841 Wergilius
745 3753 923 3830 Variusque
938 3760 1056 3830 poetae,
1102 3770 1142 3799 ω’
1195 3746 1199 3753 ’

365 3855 433 3914 Nec
448 3856 549 3931 magis
563 3840 704 3932 expressi
719 3853 825 3913 voltus
840 3869 896 3930 per
910 3859 1007 3911 aenea
1021 3851 1120 3927 signa,

366 3950 465 4021 Quam
480 3970 536 4030 per
551 3952 632 4013 vatis
647 3970 726 4030 opus
740 3966 842 4010 mores
857 3947 1016 4027 animique
1031 3949 1171 4010 virorum

366 4047 528 4109 Clarorum
542 4049 703 4127 adparent.

747 4146 815 4206 Nec
829 4162 986 4206 sermones
1001 4162 1059 4221 ego
1071 4142 1198 4204 mallem

366 4244 519 4324 Repertis
534 4264 589 4323 per
604 4245 733 4305 humum
748 4262 843 4322 quam
859 4261 908 4303 res
922 4261 1107 4322 componere
1121 4247 1227 4319 gestas

365 4342 593 4422 Terrarumque
608 4343 689 4404 situs
704 4348 735 4403 et
749 4340 882 4402 flumina
894 4340 998 4402 dicere
1011 4346 1044 4400 et
1057 4358 1143 4401 arces
