3592 5067
380 980 449 1050 nn]
827 972 940 1024 arnna
962 971 998 1023 11.

422 1154 469 1216 Ut
483 1150 582 1213 silvae
597 1147 686 1210 foliis
701 1166 816 1227 pronos
830 1151 994 1206 mutantur
1008 1145 1041 1204 in
1055 1162 1163 1219 annos,

378 1250 488 1311 Prima
502 1247 628 1321 cadunt,
644 1246 691 1306 ita
705 1244 870 1306 verborum
884 1250 976 1303 vetus
991 1241 1101 1301 interit
1115 1248 1213 1318 aetas,

378 1347 422 1407 Et
436 1348 586 1407 iuvenum
601 1343 666 1403 ritu
681 1341 795 1402 florent
808 1340 902 1401 modo
916 1345 992 1400 nata
1006 1339 1183 1417 vigentque.

378 1430 538 1505 Debemur
551 1440 647 1501 morti
662 1457 720 1499 nos
734 1445 912 1515 nostraque.
957 1437 1030 1498 Sive
1044 1444 1188 1515 receptus

379 1543 476 1601 Terra
488 1540 659 1616 Neptunus
674 1535 792 1596 classes
807 1534 1020 1613 Aquilonibus
1035 1540 1130 1609 arcet,

376 1635 474 1712 Regis
490 1652 579 1712 opus,
595 1632 757 1694 sterilisve
770 1632 862 1711 palus
880 1632 936 1694 diu
947 1638 1083 1709 aptaque
1098 1630 1193 1692 remis

377 1731 507 1792 Vicinas
521 1729 614 1790 urbes
629 1728 689 1789 alit
703 1733 736 1787 et
749 1745 843 1805 grave
858 1728 956 1788 sentit
969 1735 1119 1801 aratrum,

353 1820 356 1825 ’
377 1827 439 1889 Seu
453 1844 580 1888 cursum
594 1824 733 1886 mutavit
747 1824 891 1903 iniquum
907 1826 1052 1902 frugibus
1067 1825 1179 1901 amnis,

376 1924 496 1985 Doctus
511 1924 573 1984 iter
586 1922 719 1998 melius3
741 1922 890 1983 mortalia
903 1922 989 1983 facta
1004 1923 1160 2000 peribunt,

375 2020 501 2082 Nedum
516 2038 696 2081 sermonum
711 2026 774 2081 stet
789 2019 888 2080 honos
904 2026 936 2079 et
951 2019 1054 2097 gratia
1067 2019 1171 2080 vivax.

375 2118 478 2178 Multa
493 2116 697 2179 renascentur
711 2135 791 2195 quae
806 2116 869 2176 iam
883 2116 1031 2191 cecidere,
1046 2116 1220 2195 cadentque

373 2215 458 2286 Quae
473 2233 556 2274 nunc
571 2221 646 2275 sunt
661 2214 827 2274 in'honore
842 2214 1002 2289 vocabula,
1018 2214 1044 2273 si
1060 2213 1145 2274 volet
1159 2232 1246 2291 usus,

373 2311 472 2383 Quem
488 2330 584 2391 penes
599 2311 765 2372 arbitrium
782 2318 876 2372 estet
891 2312 941 2372 ius
955 2317 988 2371 et
1002 2329 1111 2371 norma
1124 2311 1283 2389 loquendi

340 2410 342 2415 ’
412 2409 477 2469 Res
491 2416 598 2487 gestae
614 2427 785 2486 regumque
800 2408 977 2486 ducumque
992 2415 1024 2468 et
1038 2409 1145 2469 tristia
1159 2408 1243 2470 bella

372 2505 440 2576 Quo
454 2506 549 2567 scribi
566 2515 695 2583 possent
710 2524 849 2580 numero,
865 2505 1054 2565 monstravit
1068 2505 1236 2566 Homerus.

371 2602 524 2663 Versibus
539 2603 704 2680 impariter
718 2603 835 2663 iunctis
851 2602 1048 2680 querimonia
1062 2602 1207 2679 primum,

371 2697 450 2759 Post
463 2699 559 2774 etiam
576 2699 699 2759 inclusa
712 2705 762 2759 est
777 2700 843 2759 voti
859 2698 1017 2759 sententia
1026 2716 1170 2776 compos3

370 2794 446 2865 Quis
461 2802 566 2856 tamen
583 2796 713 2872 exiguos
728 2795 833 2873 elegos
848 2795 992 2855 emiserit
1004 2802 1121 2870 auctor,

370 2890 577 2951 Grammatici
592 2896 716 2950 certant
730 2899 763 2950 et
777 2890 880 2950 adhuc
894 2891 953 2950 sub
967 2890 1069 2950 iudice
1083 2890 1124 2951 lis
1138 2897 1196 2952 est

369 2987 594 3047 Archilochum
610 2987 739 3066 proprio
753 2987 855 3047 rabies
874 2988 1009 3046 armavit
1026 2987 1146 3047 iambo:

369 3083 464 3144 Hunc
479 3085 561 3144 socci
576 3101 685 3161 cepere
700 3084 811 3162 pedem
827 3083 1023 3160 grandesque
1036 3082 1169 3155 coturni,
1204 3087 1208 3094 '

368 3181 511 3240 Alternis
527 3186 636 3258 aptum
653 3180 850 3240 sermonibus
865 3186 898 3239 et
912 3179 1073 3258 popularis

369 3276 555 3337 Vincentem
571 3276 724 3355 strepitus
739 3283 772 3337 et
786 3282 897 3337 natum
913 3276 1004 3337 rebus
1018 3277 1157 3353 agendis.

368 3372 462 3434 Musa
475 3373 564 3433 dedit
579 3373 695 3435 fidibus
711 3374 800 3434 divos
816 3391 992 3451 puerosque
1006 3373 1135 3433 deorum

366 3468 410 3530 Et
424 3470 562 3550 pugilem
578 3472 730 3530 victorem
745 3477 778 3530 et
792 3488 906 3545 equum
922 3470 1092 3531 certamine
1108 3471 1246 3549 primum

366 3566 409 3627 Et
424 3566 573 3627 iuvenum
587 3585 678 3627 curas
693 3574 726 3627 et
739 3566 839 3626 libera
852 3567 929 3626 vina
942 3567 1065 3627 referre.

406 3664 589 3743 Descriptus
605 3682 730 3725 servare
746 3664 831 3723 vices
846 3682 1037 3741 operumque
1052 3664 1179 3740 colores,

365 3761 429 3822 Cur
443 3780 501 3838 ego
515 3762 542 3823 si
557 3779 680 3839 nequeo
694 3760 874 3838 ignoroque,
891 3766 984 3838 poeta
997 3761 1142 3822 salutor?

365 3858 429 3919 Cur
443 3859 563 3919 nescire
578 3859 702 3936 pudens
717 3875 812 3936 prave
828 3876 922 3935 quam
938 3858 1057 3918 discere
1071 3858 1183 3919 malo?

405 3955 557 4016 Versibus
572 3956 687 4032 erponi
702 3954 830 4032 tragicis
846 3973 895 4014 res
909 3955 1029 4015 comica
1041 3973 1105 4016 non
1119 3954 1205 4033 volt3

365 4053 553 4129 Indignatur
567 4052 643 4112 item
660 4051 794 4129 privatis
809 4069 844 4112 ac
858 4070 956 4130 prope
971 4070 1059 4113 socco

364 4149 477 4226 Dignis
491 4149 683 4210 carminibus
704 4149 824 4209 narrari
840 4167 918 4209 cena
932 4150 1098 4229 Thyestae.

364 4245 495 4322 Singula
509 4264 650 4323 quaeque
666 4245 768 4306 locum
783 4252 913 4306 teneant
927 4247 1040 4307 sortita
1053 4246 1225 4309 decentem

364 4342 526 4402 Interdum
542 4348 648 4403 tamen
663 4349 696 4403 et
711 4361 818 4403 vocem
832 4344 994 4405 comoedia
1007 4344 1103 4422 tollit,
