<?xml version="1.0" encoding="UTF-8"?>
<!DOCTYPE html PUBLIC "-//W3C//DTD XHTML 1.0 Transitional//EN"
    "http://www.w3.org/TR/xhtml1/DTD/xhtml1-transitional.dtd">
<html xmlns="http://www.w3.org/1999/xhtml" xml:lang="en" lang="en">
 <head>
  <title>
</title>
<meta http-equiv="Content-Type" content="text/html;charset=utf-8" />
  <meta name='ocr-system' content='tesseract 3.04.00' />
  <meta name='ocr-capabilities' content='ocr_page ocr_carea ocr_par ocr_line ocrx_word'/>
</head>
<body>
  <div class='ocr_page' id='page_1' title='image "./qhoratiflaccise00rolfgoog_0084.png"; bbox 0 0 3592 5067; ppageno 0'>
   <div class='ocr_carea' id='block_1_1' title="bbox 351 885 987 951">
    <p class='ocr_par' dir='ltr' id='par_1_1' title="bbox 351 885 987 951">
     <span class='ocr_line' id='line_1_1' title="bbox 351 885 987 951; baseline -0.003 -1"><span class='ocrx_word' id='word_1_1' title='bbox 351 885 394 950; x_wconf 76' lang='lat'>26</span> <span class='ocrx_word' id='word_1_2' title='bbox 782 897 987 951; x_wconf 80' lang='lat' dir='ltr'>snsuouuu</span> 
     </span>
    </p>
   </div>
   <div class='ocr_carea' id='block_1_2' title="bbox 344 1068 1288 4328">
    <p class='ocr_par' dir='ltr' id='par_1_2' title="bbox 349 1068 1190 2022">
     <span class='ocr_line' id='line_1_2' title="bbox 392 1068 1166 1152; baseline 0.001 -22"><span class='ocrx_word' id='word_1_3' title='bbox 392 1068 470 1130; x_wconf 88' lang='lat' dir='ltr'>Cum</span> <span class='ocrx_word' id='word_1_4' title='bbox 486 1071 603 1132; x_wconf 87' lang='lat' dir='ltr'>referre</span> <span class='ocrx_word' id='word_1_5' title='bbox 617 1089 714 1149; x_wconf 82' lang='lat' dir='ltr'>negas</span> <span class='ocrx_word' id='word_1_6' title='bbox 729 1071 816 1152; x_wconf 86' lang='lat' dir='ltr'>quali</span> <span class='ocrx_word' id='word_1_7' title='bbox 832 1072 875 1133; x_wconf 90' lang='lat' dir='ltr'>sit</span> <span class='ocrx_word' id='word_1_8' title='bbox 889 1072 1022 1151; x_wconf 90' lang='lat' dir='ltr'>quisque</span> <span class='ocrx_word' id='word_1_9' title='bbox 1037 1077 1166 1150; x_wconf 90' lang='lat' dir='ltr'>parente</span> 
     </span>
     <span class='ocr_line' id='line_1_3' title="bbox 350 1167 1167 1250; baseline 0.002 -23"><span class='ocrx_word' id='word_1_10' title='bbox 350 1167 464 1243; x_wconf 86' lang='lat' dir='ltr'>Natus,</span> <span class='ocrx_word' id='word_1_11' title='bbox 480 1168 554 1229; x_wconf 91' lang='lat' dir='ltr'>dum</span> <span class='ocrx_word' id='word_1_12' title='bbox 570 1169 734 1247; x_wconf 89' lang='lat' dir='ltr'>ingenuus,</span> <span class='ocrx_word' id='word_1_13' title='bbox 750 1170 922 1250; x_wconf 79' lang='lat' dir='ltr'>persuades</span> <span class='ocrx_word' id='word_1_14' title='bbox 937 1169 997 1229; x_wconf 91' lang='lat' dir='ltr'>hoc</span> <span class='ocrx_word' id='word_1_15' title='bbox 1011 1168 1071 1229; x_wconf 92' lang='lat' dir='ltr'>tibi</span> <span class='ocrx_word' id='word_1_16' title='bbox 1085 1187 1167 1242; x_wconf 82' lang='lat' dir='ltr'>vere,</span> 
     </span>
     <span class='ocr_line' id='line_1_4' title="bbox 350 1265 1149 1345; baseline 0.001 -21"><span class='ocrx_word' id='word_1_17' title='bbox 350 1265 434 1325; x_wconf 84' lang='lat' dir='ltr'><strong>Ante</strong></span> <span class='ocrx_word' id='word_1_18' title='bbox 449 1273 638 1343; x_wconf 89' lang='lat' dir='ltr'>potestatem</span> <span class='ocrx_word' id='word_1_19' title='bbox 653 1268 740 1327; x_wconf 82' lang='lat' dir='ltr'>Tulli</span> <span class='ocrx_word' id='word_1_20' title='bbox 755 1274 850 1345; x_wconf 90' lang='lat' dir='ltr'>atque</span> <span class='ocrx_word' id='word_1_21' title='bbox 866 1265 1004 1344; x_wconf 85' lang='lat' dir='ltr'>ignobile</span> <span class='ocrx_word' id='word_1_22' title='bbox 1019 1283 1149 1342; x_wconf 83' lang='lat' dir='ltr'>regnum</span> 
     </span>
     <span class='ocr_line' id='line_1_5' title="bbox 350 1362 1080 1443; baseline 0 -20"><span class='ocrx_word' id='word_1_23' title='bbox 350 1362 471 1425; x_wconf 92' lang='lat' dir='ltr'>Multos</span> <span class='ocrx_word' id='word_1_24' title='bbox 486 1383 579 1443; x_wconf 83' lang='lat' dir='ltr'>saepe</span> <span class='ocrx_word' id='word_1_25' title='bbox 593 1364 680 1425; x_wconf 84' lang='lat' dir='ltr'>viros</span> <span class='ocrx_word' id='word_1_26' title='bbox 695 1364 793 1424; x_wconf 90' lang='lat' dir='ltr'>nullis</span> <span class='ocrx_word' id='word_1_27' title='bbox 809 1364 981 1424; x_wconf 89' lang='lat' dir='ltr'>maioribus</span> <span class='ocrx_word' id='word_1_28' title='bbox 995 1369 1080 1423; x_wconf 90' lang='lat' dir='ltr'>ortos</span> 
     </span>
     <span class='ocr_line' id='line_1_6' title="bbox 349 1460 1169 1540; baseline 0 -20"><span class='ocrx_word' id='word_1_29' title='bbox 349 1461 392 1521; x_wconf 86' lang='lat' dir='ltr'>Et</span> <span class='ocrx_word' id='word_1_30' title='bbox 407 1460 525 1522; x_wconf 82' lang='lat' dir='ltr'>vixisse</span> <span class='ocrx_word' id='word_1_31' title='bbox 540 1462 663 1540; x_wconf 91' lang='lat' dir='ltr'>probos,</span> <span class='ocrx_word' id='word_1_32' title='bbox 680 1460 795 1540; x_wconf 89' lang='lat' dir='ltr'>amplis</span> <span class='ocrx_word' id='word_1_33' title='bbox 811 1467 843 1520; x_wconf 93' lang='lat' dir='ltr'>et</span> <span class='ocrx_word' id='word_1_34' title='bbox 858 1460 1030 1520; x_wconf 89' lang='lat' dir='ltr'>honoribus</span> <span class='ocrx_word' id='word_1_35' title='bbox 1044 1466 1169 1534; x_wconf 90' lang='lat' dir='ltr'>auctos;</span> 
     </span>
     <span class='ocr_line' id='line_1_7' title="bbox 350 1556 1190 1634; baseline -0.005 -15"><span class='ocrx_word' id='word_1_36' title='bbox 350 1558 468 1619; x_wconf 83' lang='lat' dir='ltr'>Contra</span> <span class='ocrx_word' id='word_1_37' title='bbox 483 1559 666 1633; x_wconf 85' lang='lat' dir='ltr'>Laevinum,</span> <span class='ocrx_word' id='word_1_38' title='bbox 683 1557 791 1618; x_wconf 83' lang='lat' dir='ltr'>Valeri</span> <span class='ocrx_word' id='word_1_39' title='bbox 807 1576 917 1634; x_wconf 84' lang='lat' dir='ltr'>genus,</span> <span class='ocrx_word' id='word_1_40' title='bbox 933 1556 1017 1615; x_wconf 91' lang='lat' dir='ltr'>unde</span> <span class='ocrx_word' id='word_1_41' title='bbox 1032 1556 1190 1633; x_wconf 88' lang='lat' dir='ltr'>Superbus</span> 
     </span>
     <span class='ocr_line' id='line_1_8' title="bbox 349 1643 1089 1734; baseline -0.001 -20"><span class='ocrx_word' id='word_1_42' title='bbox 349 1655 541 1733; x_wconf 86' lang='lat' dir='ltr'>Tarquinius</span> <span class='ocrx_word' id='word_1_43' title='bbox 556 1675 651 1733; x_wconf 88' lang='lat' dir='ltr'>regno</span> <span class='ocrx_word' id='word_1_44' title='bbox 666 1654 776 1734; x_wconf 89' lang='lat' dir='ltr'>pulsus</span> <span class='ocrx_word' id='word_1_45' title='bbox 792 1643 885 1730; x_wconf 53' lang='lat' dir='ltr'>fugitj</span> <span class='ocrx_word' id='word_1_46' title='bbox 902 1654 995 1713; x_wconf 90' lang='lat' dir='ltr'>unius</span> <span class='ocrx_word' id='word_1_47' title='bbox 1009 1652 1089 1713; x_wconf 91' lang='lat' dir='ltr'>assis</span> 
     </span>
     <span class='ocr_line' id='line_1_9' title="bbox 350 1751 1115 1830; baseline -0.003 -19"><span class='ocrx_word' id='word_1_48' title='bbox 350 1752 423 1811; x_wconf 91' lang='lat' dir='ltr'>Nou</span> <span class='ocrx_word' id='word_1_49' title='bbox 437 1771 585 1830; x_wconf 89' lang='lat' dir='ltr'>umquam</span> <span class='ocrx_word' id='word_1_50' title='bbox 602 1754 704 1830; x_wconf 92' lang='lat' dir='ltr'>pretio</span> <span class='ocrx_word' id='word_1_51' title='bbox 718 1752 820 1830; x_wconf 91' lang='lat' dir='ltr'>pluris</span> <span class='ocrx_word' id='word_1_52' title='bbox 835 1751 971 1823; x_wconf 85' lang='lat' dir='ltr'>licuisse,</span> <span class='ocrx_word' id='word_1_53' title='bbox 987 1755 1115 1809; x_wconf 88' lang='lat' dir='ltr'>notante</span> 
     </span>
     <span class='ocr_line' id='line_1_10' title="bbox 350 1846 1139 1927; baseline -0.001 -21"><span class='ocrx_word' id='word_1_54' title='bbox 350 1847 459 1908; x_wconf 89' lang='lat' dir='ltr'>Iudice</span> <span class='ocrx_word' id='word_1_55' title='bbox 474 1868 535 1927; x_wconf 91' lang='lat' dir='ltr'>quc</span> <span class='ocrx_word' id='word_1_56' title='bbox 551 1850 644 1922; x_wconf 87' lang='lat' dir='ltr'>nosti,</span> <span class='ocrx_word' id='word_1_57' title='bbox 659 1850 786 1927; x_wconf 87' lang='lat' dir='ltr'>popu10‚</span> <span class='ocrx_word' id='word_1_58' title='bbox 802 1847 857 1926; x_wconf 91' lang='lat' dir='ltr'>qui</span> <span class='ocrx_word' id='word_1_59' title='bbox 873 1847 991 1908; x_wconf 89' lang='lat' dir='ltr'>stultus</span> <span class='ocrx_word' id='word_1_60' title='bbox 1007 1846 1139 1906; x_wconf 91' lang='lat' dir='ltr'>honores</span> 
     </span>
     <span class='ocr_line' id='line_1_11' title="bbox 351 1943 1105 2022; baseline -0.003 -18"><span class='ocrx_word' id='word_1_61' title='bbox 351 1946 449 2022; x_wconf 86' lang='lat' dir='ltr'>Saepe</span> <span class='ocrx_word' id='word_1_62' title='bbox 463 1945 519 2004; x_wconf 90' lang='lat' dir='ltr'>dat</span> <span class='ocrx_word' id='word_1_63' title='bbox 533 1945 674 2021; x_wconf 85' lang='lat' dir='ltr'>indignis</span> <span class='ocrx_word' id='word_1_64' title='bbox 690 1952 723 2004; x_wconf 91' lang='lat' dir='ltr'>et</span> <span class='ocrx_word' id='word_1_65' title='bbox 737 1945 841 2005; x_wconf 81' lang='lat' dir='ltr'>famae</span> <span class='ocrx_word' id='word_1_66' title='bbox 857 1944 956 2004; x_wconf 81' lang='lat' dir='ltr'>servit</span> <span class='ocrx_word' id='word_1_67' title='bbox 970 1943 1105 2021; x_wconf 84' lang='lat' dir='ltr'>ineptus,</span> 
     </span>
    </p>

    <p class='ocr_par' dir='ltr' id='par_1_3' title="bbox 344 2040 961 2119">
     <span class='ocr_line' id='line_1_12' title="bbox 344 2040 961 2119; baseline 0 -20"><span class='ocrx_word' id='word_1_68' title='bbox 344 2041 410 2111; x_wconf 55' lang='lat' dir='ltr'>,Qui</span> <span class='ocrx_word' id='word_1_69' title='bbox 425 2047 531 2119; x_wconf 92' lang='lat' dir='ltr'>stupet</span> <span class='ocrx_word' id='word_1_70' title='bbox 546 2042 579 2101; x_wconf 93' lang='lat' dir='ltr'>in</span> <span class='ocrx_word' id='word_1_71' title='bbox 595 2040 699 2101; x_wconf 91' lang='lat' dir='ltr'>titulis</span> <span class='ocrx_word' id='word_1_72' title='bbox 714 2048 747 2101; x_wconf 94' lang='lat' dir='ltr'>et</span> <span class='ocrx_word' id='word_1_73' title='bbox 761 2041 961 2117; x_wconf 85' lang='lat' dir='ltr'>imaginibus.</span> 
     </span>
    </p>

    <p class='ocr_par' dir='ltr' id='par_1_4' title="bbox 348 2137 1288 4328">
     <span class='ocr_line' id='line_1_13' title="bbox 991 2137 1211 2215; baseline 0 -20"><span class='ocrx_word' id='word_1_74' title='bbox 991 2137 1073 2207; x_wconf 88' lang='lat' dir='ltr'>Quid</span> <span class='ocrx_word' id='word_1_75' title='bbox 1088 2142 1211 2215; x_wconf 76' lang='lat' dir='ltr'>oportet</span> 
     </span>
     <span class='ocr_line' id='line_1_14' title="bbox 349 2234 1129 2313; baseline -0.003 -18"><span class='ocrx_word' id='word_1_76' title='bbox 349 2235 381 2295; x_wconf 90' lang='lat' dir='ltr'>N</span> <span class='ocrx_word' id='word_1_77' title='bbox 382 2254 416 2295; x_wconf 93' lang='lat' dir='ltr'>os</span> <span class='ocrx_word' id='word_1_78' title='bbox 431 2235 535 2295; x_wconf 82' lang='lat' dir='ltr'>facere</span> <span class='ocrx_word' id='word_1_79' title='bbox 550 2255 569 2295; x_wconf 87' lang='lat' dir='ltr'>a</span> <span class='ocrx_word' id='word_1_80' title='bbox 585 2234 675 2311; x_wconf 86' lang='lat' dir='ltr'>volgo</span> <span class='ocrx_word' id='word_1_81' title='bbox 689 2236 781 2312; x_wconf 84' lang='lat' dir='ltr'>longe</span> <span class='ocrx_word' id='word_1_82' title='bbox 796 2234 952 2313; x_wconf 89' lang='lat' dir='ltr'>longeque</span> <span class='ocrx_word' id='word_1_83' title='bbox 966 2236 1129 2293; x_wconf 88' lang='lat' dir='ltr'>remotos?</span> 
     </span>
     <span class='ocr_line' id='line_1_15' title="bbox 349 2330 1180 2411; baseline -0.004 -20"><span class='ocrx_word' id='word_1_84' title='bbox 349 2331 495 2408; x_wconf 85' lang='lat' dir='ltr'>Namque</span> <span class='ocrx_word' id='word_1_85' title='bbox 510 2339 586 2405; x_wconf 86' lang='lat' dir='ltr'>estc,</span> <span class='ocrx_word' id='word_1_86' title='bbox 602 2332 738 2411; x_wconf 88' lang='lat' dir='ltr'>populus</span> <span class='ocrx_word' id='word_1_87' title='bbox 753 2332 894 2391; x_wconf 85' lang='lat' dir='ltr'>Laevino</span> <span class='ocrx_word' id='word_1_88' title='bbox 909 2330 1019 2391; x_wconf 89' lang='lat' dir='ltr'>mallet</span> <span class='ocrx_word' id='word_1_89' title='bbox 1032 2330 1180 2390; x_wconf 91' lang='lat' dir='ltr'>honorem</span> 
     </span>
     <span class='ocr_line' id='line_1_16' title="bbox 349 2427 1167 2504; baseline -0.002 -18"><span class='ocrx_word' id='word_1_90' title='bbox 349 2427 448 2497; x_wconf 88' lang='lat' dir='ltr'>Quam</span> <span class='ocrx_word' id='word_1_91' title='bbox 463 2427 561 2487; x_wconf 85' lang='lat' dir='ltr'>Decio</span> <span class='ocrx_word' id='word_1_92' title='bbox 575 2428 723 2487; x_wconf 85' lang='lat' dir='ltr'>mundare</span> <span class='ocrx_word' id='word_1_93' title='bbox 738 2447 828 2502; x_wconf 85' lang='lat' dir='ltr'>novo,</span> <span class='ocrx_word' id='word_1_94' title='bbox 843 2445 1013 2504; x_wconf 80' lang='lat' dir='ltr'>censorque</span> <span class='ocrx_word' id='word_1_95' title='bbox 1027 2433 1167 2486; x_wconf 86' lang='lat' dir='ltr'>moveret</span> 
     </span>
     <span class='ocr_line' id='line_1_17' title="bbox 349 2523 1100 2602; baseline -0.001 -19"><span class='ocrx_word' id='word_1_96' title='bbox 349 2523 485 2601; x_wconf 83' lang='lat' dir='ltr'>Appius,</span> <span class='ocrx_word' id='word_1_97' title='bbox 501 2524 637 2600; x_wconf 86' lang='lat' dir='ltr'>ingenuo</span> <span class='ocrx_word' id='word_1_98' title='bbox 652 2524 679 2585; x_wconf 87' lang='lat' dir='ltr'>si</span> <span class='ocrx_word' id='word_1_99' title='bbox 693 2544 755 2584; x_wconf 90' lang='lat' dir='ltr'>non</span> <span class='ocrx_word' id='word_1_100' title='bbox 771 2543 872 2584; x_wconf 88' lang='lat' dir='ltr'>essem</span> <span class='ocrx_word' id='word_1_101' title='bbox 887 2531 976 2602; x_wconf 88' lang='lat' dir='ltr'>patre</span> <span class='ocrx_word' id='word_1_102' title='bbox 992 2528 1100 2583; x_wconf 90' lang='lat' dir='ltr'>natus:</span> 
     </span>
     <span class='ocr_line' id='line_1_18' title="bbox 350 2619 1258 2699; baseline -0.001 -20"><span class='ocrx_word' id='word_1_103' title='bbox 350 2619 409 2679; x_wconf 91' lang='lat' dir='ltr'>Vel</span> <span class='ocrx_word' id='word_1_104' title='bbox 424 2622 546 2694; x_wconf 88' lang='lat' dir='ltr'>merito,</span> <span class='ocrx_word' id='word_1_105' title='bbox 562 2620 711 2697; x_wconf 87' lang='lat' dir='ltr'>quoniam</span> <span class='ocrx_word' id='word_1_106' title='bbox 728 2622 761 2680; x_wconf 91' lang='lat' dir='ltr'>iu</span> <span class='ocrx_word' id='word_1_107' title='bbox 776 2621 905 2699; x_wconf 82' lang='lat' dir='ltr'>propria</span> <span class='ocrx_word' id='word_1_108' title='bbox 919 2640 980 2680; x_wconf 93' lang='lat' dir='ltr'>non</span> <span class='ocrx_word' id='word_1_109' title='bbox 995 2619 1078 2698; x_wconf 88' lang='lat' dir='ltr'>pelle</span> <span class='ocrx_word' id='word_1_110' title='bbox 1093 2619 1258 2697; x_wconf 87' lang='lat' dir='ltr'>quiessem.</span> 
     </span>
     <span class='ocr_line' id='line_1_19' title="bbox 350 2716 1121 2792; baseline 0 -16"><span class='ocrx_word' id='word_1_111' title='bbox 350 2716 412 2776; x_wconf 86' lang='lat' dir='ltr'>Sed</span> <span class='ocrx_word' id='word_1_112' title='bbox 426 2716 569 2792; x_wconf 83' lang='lat' dir='ltr'>fulgente</span> <span class='ocrx_word' id='word_1_113' title='bbox 583 2716 686 2777; x_wconf 87' lang='lat' dir='ltr'>trahit</span> <span class='ocrx_word' id='word_1_114' title='bbox 700 2717 888 2778; x_wconf 88' lang='lat' dir='ltr'>constrictos</span> <span class='ocrx_word' id='word_1_115' title='bbox 904 2716 1015 2778; x_wconf 88' lang='lat' dir='ltr'>Gloria</span> <span class='ocrx_word' id='word_1_116' title='bbox 1028 2736 1121 2776; x_wconf 89' lang='lat' dir='ltr'>curru</span> 
     </span>
     <span class='ocr_line' id='line_1_20' title="bbox 348 2813 1160 2891; baseline -0.002 -18"><span class='ocrx_word' id='word_1_117' title='bbox 348 2813 422 2873; x_wconf 87' lang='lat' dir='ltr'>Non</span> <span class='ocrx_word' id='word_1_118' title='bbox 438 2814 542 2874; x_wconf 91' lang='lat' dir='ltr'>minus</span> <span class='ocrx_word' id='word_1_119' title='bbox 557 2813 680 2889; x_wconf 84' lang='lat' dir='ltr'>ignotos</span> <span class='ocrx_word' id='word_1_120' title='bbox 696 2814 864 2891; x_wconf 82' lang='lat' dir='ltr'>generosis.</span> <span class='ocrx_word' id='word_1_121' title='bbox 909 2815 976 2884; x_wconf 82' lang='lat' dir='ltr'>Quo</span> <span class='ocrx_word' id='word_1_122' title='bbox 990 2813 1059 2888; x_wconf 91' lang='lat' dir='ltr'>tibi,</span> <span class='ocrx_word' id='word_1_123' title='bbox 1073 2813 1160 2888; x_wconf 81' lang='lat' dir='ltr'>Tilli,</span> 
     </span>
     <span class='ocr_line' id='line_1_21' title="bbox 350 2908 1123 2989; baseline -0.001 -20"><span class='ocrx_word' id='word_1_124' title='bbox 350 2909 479 2970; x_wconf 87' lang='lat' dir='ltr'>Sumere</span> <span class='ocrx_word' id='word_1_125' title='bbox 493 2910 671 2989; x_wconf 93' lang='lat' dir='ltr'>depositum</span> <span class='ocrx_word' id='word_1_126' title='bbox 686 2908 809 2971; x_wconf 88' lang='lat' dir='ltr'>clavum</span> <span class='ocrx_word' id='word_1_127' title='bbox 825 2911 957 2989; x_wconf 85' lang='lat' dir='ltr'>fierique</span> <span class='ocrx_word' id='word_1_128' title='bbox 972 2911 1123 2971; x_wconf 87' lang='lat' dir='ltr'>tribuno?</span> 
     </span>
     <span class='ocr_line' id='line_1_22' title="bbox 349 3006 1103 3086; baseline 0 -21"><span class='ocrx_word' id='word_1_129' title='bbox 349 3006 478 3066; x_wconf 85' lang='lat' dir='ltr'>Invidia</span> <span class='ocrx_word' id='word_1_130' title='bbox 492 3007 643 3082; x_wconf 87' lang='lat' dir='ltr'>adcrevit,</span> <span class='ocrx_word' id='word_1_131' title='bbox 659 3008 784 3086; x_wconf 86' lang='lat' dir='ltr'>privato</span> <span class='ocrx_word' id='word_1_132' title='bbox 798 3026 879 3085; x_wconf 87' lang='lat' dir='ltr'>quae</span> <span class='ocrx_word' id='word_1_133' title='bbox 893 3008 997 3066; x_wconf 90' lang='lat' dir='ltr'>minor</span> <span class='ocrx_word' id='word_1_134' title='bbox 1011 3013 1103 3067; x_wconf 84' lang='lat' dir='ltr'>esset.</span> 
     </span>
     <span class='ocr_line' id='line_1_23' title="bbox 348 3102 1288 3181; baseline 0.002 -20"><span class='ocrx_word' id='word_1_135' title='bbox 348 3103 432 3162; x_wconf 85' lang='lat' dir='ltr'>Nam</span> <span class='ocrx_word' id='word_1_136' title='bbox 447 3106 631 3181; x_wconf 91' lang='lat' dir='ltr'>utquisque</span> <span class='ocrx_word' id='word_1_137' title='bbox 646 3105 776 3164; x_wconf 89' lang='lat' dir='ltr'>insanus</span> <span class='ocrx_word' id='word_1_138' title='bbox 791 3104 891 3181; x_wconf 87' lang='lat' dir='ltr'>nigris</span> <span class='ocrx_word' id='word_1_139' title='bbox 907 3103 1044 3163; x_wconf 91' lang='lat' dir='ltr'>medium</span> <span class='ocrx_word' id='word_1_140' title='bbox 1059 3102 1205 3181; x_wconf 90' lang='lat' dir='ltr'>impediit</span> <span class='ocrx_word' id='word_1_141' title='bbox 1218 3121 1288 3163; x_wconf 91' lang='lat' dir='ltr'>crus</span> 
     </span>
     <span class='ocr_line' id='line_1_24' title="bbox 350 3198 1087 3281; baseline 0.001 -23"><span class='ocrx_word' id='word_1_142' title='bbox 350 3198 492 3260; x_wconf 89' lang='lat' dir='ltr'>Pellibus</span> <span class='ocrx_word' id='word_1_143' title='bbox 507 3206 539 3260; x_wconf 90' lang='lat' dir='ltr'>et</span> <span class='ocrx_word' id='word_1_144' title='bbox 554 3200 654 3260; x_wconf 88' lang='lat' dir='ltr'>latum</span> <span class='ocrx_word' id='word_1_145' title='bbox 669 3202 799 3262; x_wconf 87' lang='lat' dir='ltr'>demisit</span> <span class='ocrx_word' id='word_1_146' title='bbox 813 3208 939 3281; x_wconf 90' lang='lat' dir='ltr'>pectore</span> <span class='ocrx_word' id='word_1_147' title='bbox 955 3199 1087 3276; x_wconf 87' lang='lat' dir='ltr'>clavum,</span> 
     </span>
     <span class='ocr_line' id='line_1_25' title="bbox 349 3296 1264 3375; baseline 0 -21"><span class='ocrx_word' id='word_1_148' title='bbox 349 3296 451 3355; x_wconf 87' lang='lat' dir='ltr'>Audit</span> <span class='ocrx_word' id='word_1_149' title='bbox 465 3298 614 3356; x_wconf 90' lang='lat' dir='ltr'>continuo</span> <span class='ocrx_word' id='word_1_150' title='bbox 630 3298 710 3374; x_wconf 86' lang='lat' dir='ltr'>‘quis</span> <span class='ocrx_word' id='word_1_151' title='bbox 725 3299 819 3358; x_wconf 91' lang='lat' dir='ltr'>homo</span> <span class='ocrx_word' id='word_1_152' title='bbox 833 3300 886 3358; x_wconf 95' lang='lat' dir='ltr'>hic</span> <span class='ocrx_word' id='word_1_153' title='bbox 900 3305 933 3358; x_wconf 91' lang='lat' dir='ltr'>et</span> <span class='ocrx_word' id='word_1_154' title='bbox 947 3316 1009 3375; x_wconf 93' lang='lat' dir='ltr'>quo</span> <span class='ocrx_word' id='word_1_155' title='bbox 1024 3303 1112 3375; x_wconf 88' lang='lat' dir='ltr'>patre</span> <span class='ocrx_word' id='word_1_156' title='bbox 1127 3302 1220 3356; x_wconf 89' lang='lat' dir='ltr'>natus</span> <span class='ocrx_word' id='word_1_157' title='bbox 1232 3296 1264 3354; x_wconf 86' lang='lat'>?&#39;</span> 
     </span>
     <span class='ocr_line' id='line_1_26' title="bbox 350 3393 1128 3472; baseline 0 -20"><span class='ocrx_word' id='word_1_158' title='bbox 350 3393 397 3452; x_wconf 92' lang='lat' dir='ltr'>Ut</span> <span class='ocrx_word' id='word_1_159' title='bbox 412 3393 439 3452; x_wconf 92' lang='lat' dir='ltr'>si</span> <span class='ocrx_word' id='word_1_160' title='bbox 454 3394 508 3470; x_wconf 91' lang='lat' dir='ltr'>qui</span> <span class='ocrx_word' id='word_1_161' title='bbox 523 3400 664 3469; x_wconf 86' lang='lat' dir='ltr'>aegrotet</span> <span class='ocrx_word' id='word_1_162' title='bbox 679 3414 741 3472; x_wconf 90' lang='lat' dir='ltr'>quo</span> <span class='ocrx_word' id='word_1_163' title='bbox 755 3395 863 3454; x_wconf 87' lang='lat' dir='ltr'>morbo</span> <span class='ocrx_word' id='word_1_164' title='bbox 879 3396 1005 3468; x_wconf 87' lang='lat' dir='ltr'>Barrus,</span> <span class='ocrx_word' id='word_1_165' title='bbox 1021 3394 1128 3453; x_wconf 87' lang='lat' dir='ltr'>haberi</span> 
     </span>
     <span class='ocr_line' id='line_1_27' title="bbox 350 3489 1119 3569; baseline 0 -19"><span class='ocrx_word' id='word_1_166' title='bbox 350 3490 397 3550; x_wconf 89' lang='lat' dir='ltr'>Ut</span> <span class='ocrx_word' id='word_1_167' title='bbox 411 3489 518 3568; x_wconf 89' lang='lat' dir='ltr'>cupiat</span> <span class='ocrx_word' id='word_1_168' title='bbox 533 3490 700 3565; x_wconf 84' lang='lat' dir='ltr'>formosus,</span> <span class='ocrx_word' id='word_1_169' title='bbox 715 3498 767 3551; x_wconf 88' lang='lat' dir='ltr'>eat</span> <span class='ocrx_word' id='word_1_170' title='bbox 782 3509 988 3569; x_wconf 85' lang='lat' dir='ltr'>quacumque,</span> <span class='ocrx_word' id='word_1_171' title='bbox 1004 3489 1119 3569; x_wconf 93' lang='lat' dir='ltr'>puellis</span> 
     </span>
     <span class='ocr_line' id='line_1_28' title="bbox 350 3586 1026 3665; baseline 0.003 -21"><span class='ocrx_word' id='word_1_172' title='bbox 350 3586 467 3645; x_wconf 88' lang='lat' dir='ltr'>Iniciat</span> <span class='ocrx_word' id='word_1_173' title='bbox 481 3605 586 3647; x_wconf 84' lang='lat' dir='ltr'>curam</span> <span class='ocrx_word' id='word_1_174' title='bbox 602 3588 773 3665; x_wconf 90' lang='lat' dir='ltr'>quaerendi</span> <span class='ocrx_word' id='word_1_175' title='bbox 789 3587 924 3664; x_wconf 85' lang='lat' dir='ltr'>singula,</span> <span class='ocrx_word' id='word_1_176' title='bbox 939 3586 1026 3665; x_wconf 90' lang='lat' dir='ltr'>quali</span> 
     </span>
     <span class='ocr_line' id='line_1_29' title="bbox 351 3682 1078 3762; baseline -0.001 -19"><span class='ocrx_word' id='word_1_177' title='bbox 351 3682 400 3743; x_wconf 92' lang='lat' dir='ltr'>Sit</span> <span class='ocrx_word' id='word_1_178' title='bbox 413 3682 504 3757; x_wconf 85' lang='lat' dir='ltr'>facie,</span> <span class='ocrx_word' id='word_1_179' title='bbox 521 3702 602 3756; x_wconf 91' lang='lat' dir='ltr'>sura,</span> <span class='ocrx_word' id='word_1_180' title='bbox 619 3684 707 3761; x_wconf 88' lang='lat' dir='ltr'>quali</span> <span class='ocrx_word' id='word_1_181' title='bbox 722 3685 809 3762; x_wconf 90' lang='lat' dir='ltr'>pede,</span> <span class='ocrx_word' id='word_1_182' title='bbox 825 3684 930 3758; x_wconf 89' lang='lat' dir='ltr'>dente,</span> <span class='ocrx_word' id='word_1_183' title='bbox 945 3682 1078 3762; x_wconf 84' lang='lat' dir='ltr'>capillo:</span> 
     </span>
     <span class='ocr_line' id='line_1_30' title="bbox 351 3779 1079 3857; baseline 0 -18"><span class='ocrx_word' id='word_1_184' title='bbox 351 3779 401 3839; x_wconf 92' lang='lat' dir='ltr'>Sic</span> <span class='ocrx_word' id='word_1_185' title='bbox 416 3779 471 3856; x_wconf 93' lang='lat' dir='ltr'>qui</span> <span class='ocrx_word' id='word_1_186' title='bbox 487 3780 654 3857; x_wconf 89' lang='lat' dir='ltr'>promittit,</span> <span class='ocrx_word' id='word_1_187' title='bbox 670 3780 759 3855; x_wconf 88' lang='lat' dir='ltr'>civis,</span> <span class='ocrx_word' id='word_1_188' title='bbox 775 3781 883 3840; x_wconf 89' lang='lat' dir='ltr'>urbem</span> <span class='ocrx_word' id='word_1_189' title='bbox 901 3782 961 3842; x_wconf 87' lang='lat' dir='ltr'>sibi</span> <span class='ocrx_word' id='word_1_190' title='bbox 977 3798 1079 3855; x_wconf 85' lang='lat' dir='ltr'>curae,</span> 
     </span>
     <span class='ocr_line' id='line_1_31' title="bbox 350 3876 1104 3953; baseline 0.001 -19"><span class='ocrx_word' id='word_1_191' title='bbox 350 3876 522 3953; x_wconf 89' lang='lat' dir='ltr'>Imperium</span> <span class='ocrx_word' id='word_1_192' title='bbox 537 3876 605 3936; x_wconf 84' lang='lat' dir='ltr'>fore</span> <span class='ocrx_word' id='word_1_193' title='bbox 620 3882 653 3935; x_wconf 90' lang='lat' dir='ltr'>et</span> <span class='ocrx_word' id='word_1_194' title='bbox 667 3877 805 3951; x_wconf 90' lang='lat' dir='ltr'>Italiam,</span> <span class='ocrx_word' id='word_1_195' title='bbox 822 3877 954 3937; x_wconf 91' lang='lat' dir='ltr'>delubra</span> <span class='ocrx_word' id='word_1_196' title='bbox 967 3878 1104 3952; x_wconf 88' lang='lat' dir='ltr'>deorum,</span> 
     </span>
     <span class='ocr_line' id='line_1_32' title="bbox 349 3972 1237 4050; baseline 0.005 -19"><span class='ocrx_word' id='word_1_197' title='bbox 349 3972 418 4041; x_wconf 86' lang='lat' dir='ltr'>Quo</span> <span class='ocrx_word' id='word_1_198' title='bbox 432 3979 522 4050; x_wconf 90' lang='lat' dir='ltr'>patre</span> <span class='ocrx_word' id='word_1_199' title='bbox 537 3972 580 4032; x_wconf 88' lang='lat' dir='ltr'>sit</span> <span class='ocrx_word' id='word_1_200' title='bbox 594 3979 698 4048; x_wconf 89' lang='lat' dir='ltr'>natus,</span> <span class='ocrx_word' id='word_1_201' title='bbox 713 3993 790 4033; x_wconf 89' lang='lat' dir='ltr'>num</span> <span class='ocrx_word' id='word_1_202' title='bbox 804 3973 914 4049; x_wconf 86' lang='lat' dir='ltr'>ignota</span> <span class='ocrx_word' id='word_1_203' title='bbox 928 3980 1027 4033; x_wconf 89' lang='lat' dir='ltr'>matre</span> <span class='ocrx_word' id='word_1_204' title='bbox 1042 3974 1237 4049; x_wconf 85' lang='lat' dir='ltr'>inhonestus,</span> 
     </span>
     <span class='ocr_line' id='line_1_33' title="bbox 351 4069 1059 4147; baseline 0.003 -18"><span class='ocrx_word' id='word_1_205' title='bbox 351 4069 461 4129; x_wconf 89' lang='lat' dir='ltr'>Omnis</span> <span class='ocrx_word' id='word_1_206' title='bbox 476 4069 619 4129; x_wconf 89' lang='lat' dir='ltr'>mortalis</span> <span class='ocrx_word' id='word_1_207' title='bbox 633 4088 742 4129; x_wconf 85' lang='lat' dir='ltr'>curare</span> <span class='ocrx_word' id='word_1_208' title='bbox 756 4077 789 4129; x_wconf 93' lang='lat' dir='ltr'>et</span> <span class='ocrx_word' id='word_1_209' title='bbox 803 4089 953 4147; x_wconf 87' lang='lat' dir='ltr'>quaerere</span> <span class='ocrx_word' id='word_1_210' title='bbox 967 4072 1059 4147; x_wconf 83' lang='lat' dir='ltr'>cogit.</span> 
     </span>
     <span class='ocr_line' id='line_1_34' title="bbox 352 4166 1139 4246; baseline 0.006 -22"><span class='ocrx_word' id='word_1_211' title='bbox 352 4167 464 4240; x_wconf 66' lang='lat' dir='ltr'>‘Tune</span> <span class='ocrx_word' id='word_1_212' title='bbox 481 4166 562 4245; x_wconf 89' lang='lat' dir='ltr'>Syri,</span> <span class='ocrx_word' id='word_1_213' title='bbox 578 4167 696 4226; x_wconf 86' lang='lat' dir='ltr'>Damae</span> <span class='ocrx_word' id='word_1_214' title='bbox 711 4173 766 4227; x_wconf 92' lang='lat' dir='ltr'>aut</span> <span class='ocrx_word' id='word_1_215' title='bbox 784 4168 919 4246; x_wconf 91' lang='lat' dir='ltr'>Dionysi</span> <span class='ocrx_word' id='word_1_216' title='bbox 933 4168 1028 4243; x_wconf 87' lang='lat' dir='ltr'>filius,</span> <span class='ocrx_word' id='word_1_217' title='bbox 1043 4169 1139 4229; x_wconf 89' lang='lat' dir='ltr'>audes</span> 
     </span>
     <span class='ocr_line' id='line_1_35' title="bbox 350 4263 1109 4328; baseline 0.004 -6"><span class='ocrx_word' id='word_1_218' title='bbox 350 4263 481 4323; x_wconf 87' lang='lat' dir='ltr'>Deicere</span> <span class='ocrx_word' id='word_1_219' title='bbox 496 4263 534 4323; x_wconf 91' lang='lat' dir='ltr'>de</span> <span class='ocrx_word' id='word_1_220' title='bbox 550 4281 626 4323; x_wconf 82' lang='lat' dir='ltr'>saxo</span> <span class='ocrx_word' id='word_1_221' title='bbox 640 4264 720 4325; x_wconf 90' lang='lat' dir='ltr'>civis</span> <span class='ocrx_word' id='word_1_222' title='bbox 735 4270 791 4325; x_wconf 90' lang='lat' dir='ltr'>aut</span> <span class='ocrx_word' id='word_1_223' title='bbox 804 4266 931 4326; x_wconf 85' lang='lat' dir='ltr'>tradere</span> <span class='ocrx_word' id='word_1_224' title='bbox 945 4266 1062 4328; x_wconf 86' lang='lat' dir='ltr'>Cadmo</span> <span class='ocrx_word' id='word_1_225' title='bbox 1072 4267 1109 4325; x_wconf 83' lang='lat'>?’</span> 
     </span>
    </p>
   </div>
   <div class='ocr_carea' id='block_1_3' title="bbox 0 0 1800 5067">
    <p class='ocr_par' dir='ltr' id='par_1_5' title="bbox 0 0 1800 5067">
     <span class='ocr_line' id='line_1_36' title="bbox 0 0 1800 5067; baseline 0 0"><span class='ocrx_word' id='word_1_226' title='bbox 0 0 1800 5067; x_wconf 95' lang='lat' dir='ltr'> </span> 
     </span>
    </p>
   </div>
  </div>
 </body>
</html>
