3592 5067
723 146 1195 277 h·-

293 712 296 717 ’
322 740 366 806 60
756 746 961 800 srauouma
1315 744 1380 811 [111.

322 922 445 983 Ludere
459 940 517 1001 par
531 921 643 1000 impar,
658 923 800 1001 equitare
815 922 847 982 in
864 922 1019 983 arundine
1034 922 1129 1000 longa

322 1021 356 1081 Si
371 1038 464 1098 quem
479 1019 616 1080 delectet
630 1021 803 1095 barbatum,
818 1020 959 1080 amentia
973 1026 1086 1081 verset.

322 1119 354 1179 Si
371 1116 525 1195 puerilius
539 1116 591 1178 his
606 1118 687 1178 ratio
702 1135 770 1178 esse
785 1118 910 1177 evincet
924 1136 1037 1193 amare,
1338 1125 1383 1172 ato

321 1216 389 1275 Nec
404 1215 571 1293 quicquam
587 1214 707 1290 differe,
723 1221 868 1275 utrumne
883 1215 918 1275 in
932 1216 1072 1293 pulvere,
1086 1214 1200 1274 trimus

322 1312 420 1384 Quale
436 1314 532 1391 prius,
548 1312 640 1372 ludas
655 1331 743 1391 opus,
759 1331 798 1373 an
813 1312 988 1373 meretricis
1003 1330 1108 1372 amore

323 1409 485 1471 Sollicitus
500 1410 620 1489 plores:
644 1427 769 1487 quaero,
784 1410 925 1471 faciasne
941 1409 1024 1487 quod
1038 1408 1114 1470 olim

321 1509 465 1569 Mutatus
481 1508 658 1568 Polemon?
680 1526 778 1586 ponas
793 1508 932 1584 insignia
945 1507 1055 1582 morbi,

321 1604 491 1679 Fasciolas,
508 1604 635 1680 cubital,
652 1604 776 1679 focalia,
793 1612 886 1683 potus
901 1611 937 1663 ut
951 1604 1006 1664 ille

323 1702 448 1761 Dicitur
464 1720 502 1761 ex
517 1700 598 1761 collo
614 1702 727 1761 furtim
742 1702 896 1779 carpsisse
912 1719 1050 1775 coronas,

322 1799 494 1874 Postquam
510 1804 559 1858 est
573 1798 726 1875 impransi
742 1806 904 1875 correptus
920 1816 995 1857 voce
1009 1797 1181 1873 magistri?

362 1894 503 1972 Porrigis
518 1895 599 1954 irato
614 1913 711 1971 puero
724 1913 794 1953 cum
810 1913 913 1972 poma,
928 1899 1051 1954 recusat
1060 1917 1068 1969 ;
1095 1952 1103 1977 l

322 1993 445 2065 ‘Sume
461 1989 573 2051 catelle
584 1991 608 2049 l'
625 1996 735 2067 negat;
758 1990 785 2049 si
800 2010 863 2050 non
878 1991 943 2065 des,
959 1997 1056 2068 optet.
1087 1983 1231 2050 lAmator

322 2087 479 2147 Exclusus
493 2087 547 2164 qui
562 2086 670 2160 distat,
686 2087 753 2161 agit
767 2088 820 2146 ubi
839 2105 955 2160 secum,
971 2093 1021 2146 eat
1035 2104 1075 2145 an
1090 2105 1161 2161 non,
1337 2096 1382 2142 aab

322 2185 389 2255 Quo
405 2184 563 2243 rediturus
579 2190 648 2242 erat
662 2202 722 2242 non
738 2184 917 2256 arcessitus,
933 2189 966 2241 et
981 2181 1090 2241 haerat

322 2280 441 2339 Invisis
456 2280 605 2339 foribus?
649 2279 697 2338 ‘N
700 2297 734 2338 ec
749 2297 841 2351 nunc,
857 2297 928 2338 cum
943 2297 993 2337 me
1009 2285 1099 2337 vocet
1113 2277 1205 2352 ultro,

322 2376 505 2437 Accedam?
547 2377 597 2433 An
613 2376 720 2453 potius
736 2376 869 2435 mediter
884 2374 975 2434 finire
990 2373 1140 2434 dolores?

322 2472 484 2548 Exclusit3
507 2479 640 2533 revocat.
684 2472 850 2530 Redeam?
885 2471 969 2545 Non,
986 2472 1014 2531 si
1028 2471 1188 2531 obsecret!
1219 2471 1300 2530 Ecce

323 2570 447 2642 Servus,
464 2588 526 2628 non
542 2568 635 2646 paulo
650 2568 841 2645 sapientior:
866 2567 911 2628 ‘O
927 2586 988 2643 erc,
1004 2586 1148 2645 quaeres
1336 2578 1381 2625 ato

321 2667 389 2725 Nec
404 2666 530 2724 modum
546 2665 641 2725 habet
656 2683 756 2742 neque
771 2663 947 2739 consilium,
963 2666 1084 2725 ratione
1099 2665 1252 2742 modoque

321 2763 464 2822 Tractari
480 2780 542 2821 non
558 2761 632 2821 volt.
676 2762 716 2820 In
730 2780 835 2821 amore
849 2760 926 2820 haec
941 2769 1016 2821 sunt
1029 2761 1122 2835 mala,
1137 2762 1265 2836 bellum,

322 2858 389 2918 Pax
404 2878 544 2934 rursum;
567 2858 645 2918 haec
660 2859 686 2918 si
702 2859 773 2935 quis
789 2859 989 2937 tempestatis
1003 2876 1101 2937 prope
1115 2857 1180 2918 ritu

321 2955 453 3014 Mobilia
468 2964 500 3015 et
515 2972 606 3015 caeca
620 2953 781 3014 fluitantia
795 2963 879 3015 sorte
894 2954 1015 3015 laboret

322 3052 465 3112 Reddere
479 3058 565 3112 certa
579 3051 649 3127 sibi,
664 3051 766 3110 nihilo
781 3051 853 3128 plus
867 3051 1005 3129 explicet
1019 3070 1055 3111 ac
1070 3051 1097 3112 si

321 3148 466 3209 Insanire
480 3154 569 3226 paret
583 3155 670 3208 certa
684 3148 804 3208 ratione
821 3149 995 3226 modoque!

320 3244 430 3315 Quid?
454 3264 523 3305 cum
540 3245 666 3304 Picenis
682 3263 851 3321 excerpens
866 3246 988 3306 semina
1001 3245 1103 3323 pomis

321 3341 457 3416 Gaudes,
474 3342 500 3402 si
515 3354 670 3402 cameram
686 3343 822 3420 percusti
839 3342 930 3416 forte,
946 3361 1041 3419 penes
1056 3350 1088 3402 te
1102 3345 1164 3403 es?

320 3438 429 3509 Quid?
451 3456 520 3497 cum
536 3438 630 3499 balba
643 3439 720 3499 ieris
736 3457 854 3499 annoso
867 3439 964 3499 verba
977 3439 1093 3517 palat0,

321 3534 516 3595 Aedificante
531 3554 620 3596 casas
635 3536 688 3614 qui
705 3537 836 3597 sanior?
878 3536 971 3596 Adde
985 3554 1125 3597 cruorem
1334 3549 1379 3596 tta

320 3631 492 3705 Stultitiae‚
508 3640 603 3709 atque
620 3634 724 3710 ignem
739 3633 844 3711 gladio
861 3641 1009 3695 scrutare.
1052 3634 1157 3711 Modo,
1173 3635 1303 3713 inquam

321 3728 456 3788 Hellade
472 3748 620 3807 percussa
634 3731 755 3792 Marius
770 3749 840 3792 cum
856 3732 1044 3810 praecipitat
1059 3750 1101 3807 sc,

320 3825 459 3886 Cerritus
475 3826 563 3886 fuit?
587 3846 627 3886 an
642 3829 959 3889 commoneor-imina
974 3829 1090 3889 mentis

319 3921 474 3984 Absolvss
490 3923 659 3998 hominem,
675 3933 707 3984 et
722 3925 846 3987 sceleris
861 3927 1025 3988 damnabis
1039 3927 1183 4005 eundem,
1431 3996 1433 4000 ,

319 4018 368 4077 Ex
383 4037 467 4080 more
483 4021 647 4099 imponens
662 4029 794 4097 cognata
807 4023 958 4083 vocabula
973 4024 1091 4086 rebus?
1334 4034 1378 4083 280

360 4116 543 4179 Libertinus
558 4125 635 4194 erat,
650 4119 705 4196 qui
720 4119 836 4179 circum
850 4121 989 4198 compita
1002 4122 1103 4183 siccus
