3592 5067
377 959 428 1027 κ]
828 958 940 1008 niara
963 956 985 1009 1.

376 1132 591 1208 Hermogenes
606 1149 754 1208 umquam
772 1129 858 1205 legit,
874 1148 976 1208 neque
992 1130 1102 1190 simius
1116 1130 1178 1191 iste

375 1228 430 1289 Nil
446 1234 570 1306 praeter
585 1227 717 1288 Calvum
732 1235 765 1287 et
779 1227 890 1288 doctus
907 1236 1034 1287 cantare
1049 1227 1219 1288 Catullum.

415 1328 475 1384 ‘At
489 1343 636 1401 magnum
654 1326 739 1399 fecit,
756 1326 840 1402 quod
857 1324 962 1385 verbis
979 1325 1099 1387 Graeca
1115 1325 1239 1386 Latinis

373 1423 523 1483 Miscuit!
566 1422 593 1483 Ο
609 1423 670 1482 seri
686 1423 873 1497 studiorum,
889 1423 986 1500 quine
1002 1422 1120 1501 putetis

373 1518 509 1580 Difficile
524 1526 556 1578 et
572 1522 696 1595 mirum,
713 1518 838 1579 Rhodio
853 1520 937 1597 quod
956 1519 1153 1580 Pitholeonti

373 1617 541 1695 Contigit?
601 1618 646 1676 At
662 1635 763 1677 sermo
779 1617 888 1694 lingua
902 1618 1074 1678 concinnus
1089 1625 1221 1695 utraque

373 1716 514 1788 Suavior,
532 1724 566 1775 ut
581 1715 661 1776 Chio
677 1723 752 1775 nota
766 1717 793 1775 si
809 1717 980 1775 commixta
995 1715 1120 1776 Falerni
1136 1715 1204 1776 est!

372 1814 450 1875 Cum
466 1832 575 1873 versus
593 1813 700 1888 facias,
717 1821 749 1872 te
765 1814 867 1891 ipsum
884 1820 1059 1892 percontor,
1075 1832 1115 1872 an
1130 1820 1248 1873 etcum

370 1912 459 1971 Dura
472 1910 531 1971 tibi
547 1911 726 1988 peragenda
741 1912 786 1969 rei
801 1912 845 1970 sit
858 1928 954 1971 causa
968 1910 1103 1970 Petilli?

370 2007 499 2068 Scilicet
513 2008 631 2067 oblitus
648 2008 830 2085 patriaeque
847 2010 1009 2085 patrisque
1025 2006 1142 2081 Latini,

370 2105 448 2166 Cum
464 2105 581 2165 Pedius
594 2122 705 2166 causas
720 2104 854 2164 exsudet
870 2104 1034 2165 Publicola
1048 2114 1142 2182 atque

369 2201 533 2275 Corvinus,
550 2203 663 2279 patriis
679 2202 894 2262 intermiscere
910 2202 1012 2278 petita
1157 2187 1159 2190 ⁵

369 2299 473 2359 Verba
488 2299 565 2360 loris
578 2299 678 2374 malis,
695 2298 847 2362 Canusini
864 2318 947 2359 more
960 2298 1141 2374 bilinguis?
1186 2325 1190 2330 ·

368 2397 474 2474 Atque
489 2414 546 2473 ego
562 2416 631 2456 curn
648 2397 786 2458 Graecos
803 2396 949 2469 facerem,
962 2403 1055 2455 natus
1070 2414 1154 2457 mare
1169 2394 1259 2470 citra,

369 2489 557 2568 Versiculos,
574 2494 676 2553 vetnit
691 2512 740 2553 me
755 2493 812 2552 tali
829 2512 904 2552 voce
917 2493 1079 2568 Quirinus,

368 2591 445 2650 Post
460 2590 595 2650 mediam
608 2597 731 2650 noctem
747 2591 844 2663 visne,
861 2608 930 2650 cum
948 2591 1070 2650 somnia
1084 2608 1174 2650 vera:

368 2686 425 2744 ‘In
439 2686 552 2746 silvam
566 2706 628 2746 non
645 2687 732 2763 ligna
746 2685 831 2746 feras
846 2686 1001 2760 insanius,
1016 2705 1051 2746 ac
1067 2687 1094 2747 si

369 2783 500 2858 Magnas
516 2783 705 2843 Graecorum
722 2782 814 2842 malis
827 2783 958 2860 implere
974 2785 1134 2844 catervas!

407 2878 567 2954 Turgidus
583 2879 722 2956 Alpinus
737 2878 860 2954 iugulat
875 2879 950 2938 dum
967 2881 1137 2938 Memnona
1150 2881 1289 2957 dumque

366 2974 509 3050 Defingit
524 2974 629 3034 Rheni
646 2976 764 3034 luteum
781 2983 885 3051 caput,
898 2975 975 3034 haee
991 2994 1048 3051 ego
1063 2976 1146 3049 ludo,

367 3070 451 3140 Quae
466 3089 566 3148 neque
582 3072 616 3129 in
630 3072 707 3132 aede
726 3078 839 3131 sonent
854 3072 1007 3130 certantia
1023 3072 1125 3131 iudice
1141 3073 1254 3149 Tarpa,

366 3168 433 3228 Nec
448 3168 578 3228 redeant
593 3169 706 3227 iterum
723 3175 818 3244 atque
834 3169 947 3228 iterum
964 3169 1135 3245 spectanda
1147 3168 1286 3229 theatris.

366 3267 488 3342 Arguta
503 3266 666 3325 meretrice
682 3274 772 3342 potes
787 3265 939 3342 Davoque
955 3264 1124 3326 Chremeta

366 3362 523 3422 Eludente
539 3380 644 3421 senem
659 3362 756 3421 comis
773 3362 891 3437 garrire
908 3362 1031 3421 libellos

368 3460 459 3520 Unus
475 3459 628 3533 vivorum,
646 3459 810 3533 Fundani3
835 3458 938 3518 Pollio
959 3478 1065 3535 regum

367 3555 464 3615 Facta
477 3555 562 3614 cauit
578 3556 655 3633 pede
671 3562 719 3615 ter
735 3573 897 3633 percusso;
920 3556 1003 3615 forte
1018 3574 1092 3633 epos
1108 3574 1177 3616 acer

369 3653 412 3713 Ut
428 3671 520 3711 nemo
534 3652 650 3712 Varius
666 3652 772 3726 ducit;
795 3652 890 3711 molle
905 3658 999 3729 atque
1016 3653 1154 3713 facetum

366 3748 505 3825 Vergilio
519 3748 699 3809 adnuerunt
713 3749 886 3824 gaudentes
899 3767 969 3809 rure
984 3750 1148 3809 Camenae.

405 3846 476 3906 Hoc
490 3854 566 3920 erat,
582 3854 712 3924 experto
727 3846 847 3905 frustra
862 3846 1001 3906 Varrone
1018 3848 1153 3906 Atacino

364 3943 470 4020 Atque
486 3943 673 4020 quibusdam
690 3943 772 4016 aliis,
787 3944 902 4002 melius
917 3944 1001 4020 quod
1017 3945 1153 4004 scribere
1167 3962 1300 4021 possem,

364 4039 534 4100 Inventore
549 4041 670 4117 minor,
692 4059 794 4117 neque
809 4060 865 4117 ego
880 4040 928 4100 illi
944 4041 1108 4101 detrahere
1124 4042 1225 4102 ausim

365 4137 557 4197 Haerentem
574 4139 671 4216 capiti
686 4157 757 4198 cum
774 4139 875 4198 multa
889 4138 983 4198 laude
997 4157 1151 4198 coronam.

364 4236 408 4294 At
423 4235 490 4295 dixi
503 4234 598 4295 fluere
614 4237 697 4295 hunc
709 4235 913 4310 lutulentum,
929 4254 1022 4313 saepe
1038 4238 1191 4296 ferentem

364 4331 462 4392 Plura
474 4333 601 4410 quidem
617 4332 761 4393 tollenda
775 4332 999 4410 relinquendis.
1043 4336 1121 4410 Age,
1138 4351 1264 4412 quaese,
