<?xml version="1.0" encoding="UTF-8"?>
<!DOCTYPE html PUBLIC "-//W3C//DTD XHTML 1.0 Transitional//EN"
    "http://www.w3.org/TR/xhtml1/DTD/xhtml1-transitional.dtd">
<html xmlns="http://www.w3.org/1999/xhtml" xml:lang="en" lang="en">
 <head>
  <title>
</title>
<meta http-equiv="Content-Type" content="text/html;charset=utf-8" />
  <meta name='ocr-system' content='tesseract 3.04.00' />
  <meta name='ocr-capabilities' content='ocr_page ocr_carea ocr_par ocr_line ocrx_word'/>
</head>
<body>
  <div class='ocr_page' id='page_1' title='image "./qhoratiflaccise00rolfgoog_0123.png"; bbox 0 0 3592 5067; ppageno 0'>
   <div class='ocr_carea' id='block_1_1' title="bbox 369 955 985 1027">
    <p class='ocr_par' dir='ltr' id='par_1_1' title="bbox 369 955 985 1027">
     <span class='ocr_line' id='line_1_1' title="bbox 369 955 985 1027; baseline -0.01 -17"><span class='ocrx_word' id='word_1_1' title='bbox 369 959 435 1027; x_wconf 89' lang='lat' dir='ltr'>1v.]</span> <span class='ocrx_word' id='word_1_2' title='bbox 810 956 923 1005; x_wconf 79' lang='lat' dir='ltr'><strong>trane</strong></span> <span class='ocrx_word' id='word_1_3' title='bbox 947 955 985 1005; x_wconf 91' lang='lat'><strong>11.</strong></span> 
     </span>
    </p>
   </div>
   <div class='ocr_carea' id='block_1_2' title="bbox 303 1127 1436 4315">
    <p class='ocr_par' dir='ltr' id='par_1_2' title="bbox 303 1127 1436 4315">
     <span class='ocr_line' id='line_1_2' title="bbox 409 1127 1192 1208; baseline -0.005 -16"><span class='ocrx_word' id='word_1_4' title='bbox 409 1132 467 1192; x_wconf 80' lang='lat' dir='ltr'><strong>Est</strong></span> <span class='ocrx_word' id='word_1_5' title='bbox 481 1147 594 1208; x_wconf 83' lang='lat' dir='ltr'>operae</span> <span class='ocrx_word' id='word_1_6' title='bbox 609 1128 745 1206; x_wconf 88' lang='lat' dir='ltr'><strong>pretium</strong></span> <span class='ocrx_word' id='word_1_7' title='bbox 762 1127 900 1206; x_wconf 90' lang='lat' dir='ltr'><strong>duplicis</strong></span> <span class='ocrx_word' id='word_1_8' title='bbox 916 1146 1098 1206; x_wconf 79' lang='lat' dir='ltr'><strong>pernoscere</strong></span> <span class='ocrx_word' id='word_1_9' title='bbox 1114 1129 1192 1188; x_wconf 91' lang='lat' dir='ltr'><strong>iuris</strong></span> 
     </span>
     <span class='ocr_line' id='line_1_3' title="bbox 366 1224 1100 1304; baseline -0.005 -15"><span class='ocrx_word' id='word_1_10' title='bbox 366 1229 532 1289; x_wconf 83' lang='lat' dir='ltr'>Naturam.</span> <span class='ocrx_word' id='word_1_11' title='bbox 576 1225 719 1304; x_wconf 82' lang='lat' dir='ltr'><strong>Simplex</strong></span> <span class='ocrx_word' id='word_1_12' title='bbox 735 1244 752 1286; x_wconf 89' lang='lat' dir='ltr'><strong>e</strong></span> <span class='ocrx_word' id='word_1_13' title='bbox 766 1224 852 1285; x_wconf 89' lang='lat' dir='ltr'><strong>dulci</strong></span> <span class='ocrx_word' id='word_1_14' title='bbox 868 1232 993 1286; x_wconf 87' lang='lat' dir='ltr'><strong>constat</strong></span> <span class='ocrx_word' id='word_1_15' title='bbox 1007 1225 1100 1302; x_wconf 89' lang='lat' dir='ltr'><strong>olivo,</strong></span> 
     </span>
     <span class='ocr_line' id='line_1_4' title="bbox 366 1323 1148 1405; baseline -0.003 -20"><span class='ocrx_word' id='word_1_16' title='bbox 366 1325 455 1405; x_wconf 85' lang='lat' dir='ltr'><strong>Quod</strong></span> <span class='ocrx_word' id='word_1_17' title='bbox 470 1323 582 1403; x_wconf 82' lang='lat' dir='ltr'><strong>pingui</strong></span> <span class='ocrx_word' id='word_1_18' title='bbox 599 1324 730 1383; x_wconf 89' lang='lat' dir='ltr'><strong>miscere</strong></span> <span class='ocrx_word' id='word_1_19' title='bbox 747 1341 831 1382; x_wconf 90' lang='lat' dir='ltr'><strong>mero</strong></span> <span class='ocrx_word' id='word_1_20' title='bbox 846 1324 1009 1401; x_wconf 88' lang='lat' dir='ltr'><strong>muriaque</strong></span> <span class='ocrx_word' id='word_1_21' title='bbox 1025 1323 1148 1383; x_wconf 80' lang='lat' dir='ltr'><strong>decebit</strong></span> 
     </span>
     <span class='ocr_line' id='line_1_5' title="bbox 366 1420 1095 1499; baseline -0.003 -16"><span class='ocrx_word' id='word_1_22' title='bbox 366 1423 440 1483; x_wconf 88' lang='lat' dir='ltr'><strong>Non</strong></span> <span class='ocrx_word' id='word_1_23' title='bbox 455 1422 518 1482; x_wconf 88' lang='lat' dir='ltr'><strong>alia</strong></span> <span class='ocrx_word' id='word_1_24' title='bbox 533 1440 628 1499; x_wconf 84' lang='lat' dir='ltr'><strong>quarn</strong></span> <span class='ocrx_word' id='word_1_25' title='bbox 643 1440 706 1498; x_wconf 88' lang='lat' dir='ltr'><strong>qua</strong></span> <span class='ocrx_word' id='word_1_26' title='bbox 723 1420 879 1499; x_wconf 87' lang='lat' dir='ltr'><strong>Byzantia</strong></span> <span class='ocrx_word' id='word_1_27' title='bbox 894 1421 1001 1499; x_wconf 86' lang='lat' dir='ltr'><strong>putuit</strong></span> <span class='ocrx_word' id='word_1_28' title='bbox 1016 1439 1095 1481; x_wconf 84' lang='lat' dir='ltr'><strong>orca</strong></span> 
     </span>
     <span class='ocr_line' id='line_1_6' title="bbox 368 1518 1091 1581; baseline -0.003 0"><span class='ocrx_word' id='word_1_29' title='bbox 368 1520 438 1581; x_wconf 87' lang='lat' dir='ltr'><strong>Hoc</strong></span> <span class='ocrx_word' id='word_1_30' title='bbox 452 1520 505 1580; x_wconf 94' lang='lat' dir='ltr'><strong>ubi</strong></span> <span class='ocrx_word' id='word_1_31' title='bbox 520 1519 687 1579; x_wconf 86' lang='lat' dir='ltr'><strong>confusum</strong></span> <span class='ocrx_word' id='word_1_32' title='bbox 703 1518 798 1578; x_wconf 91' lang='lat' dir='ltr'><strong>sectis</strong></span> <span class='ocrx_word' id='word_1_33' title='bbox 816 1518 971 1577; x_wconf 82' lang='lat' dir='ltr'><strong>inferbuit</strong></span> <span class='ocrx_word' id='word_1_34' title='bbox 986 1519 1091 1579; x_wconf 83' lang='lat' dir='ltr'><strong>herbis</strong></span> 
     </span>
     <span class='ocr_line' id='line_1_7' title="bbox 367 1616 1195 1697; baseline -0.004 -17"><span class='ocrx_word' id='word_1_35' title='bbox 367 1617 561 1697; x_wconf 80' lang='lat' dir='ltr'><strong>Corycioque</strong></span> <span class='ocrx_word' id='word_1_36' title='bbox 576 1634 665 1676; x_wconf 88' lang='lat' dir='ltr'><strong>croco</strong></span> <span class='ocrx_word' id='word_1_37' title='bbox 679 1634 822 1693; x_wconf 88' lang='lat' dir='ltr'><strong>sparsum</strong></span> <span class='ocrx_word' id='word_1_38' title='bbox 840 1617 939 1689; x_wconf 87' lang='lat' dir='ltr'><strong>stetit,</strong></span> <span class='ocrx_word' id='word_1_39' title='bbox 955 1616 1084 1694; x_wconf 89' lang='lat' dir='ltr'><strong>insuper</strong></span> <span class='ocrx_word' id='word_1_40' title='bbox 1097 1617 1195 1678; x_wconf 90' lang='lat' dir='ltr'><strong>addes</strong></span> 
     </span>
     <span class='ocr_line' id='line_1_8' title="bbox 306 1713 1148 1790; baseline -0.002 -14"><span class='ocrx_word' id='word_1_41' title='bbox 306 1753 310 1760; x_wconf 94' lang='lat'>·</span> <span class='ocrx_word' id='word_1_42' title='bbox 366 1715 481 1777; x_wconf 85' lang='lat' dir='ltr'><strong>Pressa</strong></span> <span class='ocrx_word' id='word_1_43' title='bbox 494 1715 694 1774; x_wconf 84' lang='lat' dir='ltr'><strong>Venafranae</strong></span> <span class='ocrx_word' id='word_1_44' title='bbox 711 1714 793 1790; x_wconf 91' lang='lat' dir='ltr'><strong>quod</strong></span> <span class='ocrx_word' id='word_1_45' title='bbox 810 1713 887 1772; x_wconf 88' lang='lat' dir='ltr'><strong>baca</strong></span> <span class='ocrx_word' id='word_1_46' title='bbox 902 1713 1026 1774; x_wconf 89' lang='lat' dir='ltr'><strong>remisit</strong></span> <span class='ocrx_word' id='word_1_47' title='bbox 1039 1713 1148 1774; x_wconf 84' lang='lat' dir='ltr'><strong>olivae.</strong></span> 
     </span>
     <span class='ocr_line' id='line_1_9' title="bbox 406 1810 1436 1887; baseline -0.001 -15"><span class='ocrx_word' id='word_1_48' title='bbox 406 1811 533 1872; x_wconf 87' lang='lat' dir='ltr'><strong>Picenis</strong></span> <span class='ocrx_word' id='word_1_49' title='bbox 548 1812 665 1870; x_wconf 90' lang='lat' dir='ltr'><strong>cedunt</strong></span> <span class='ocrx_word' id='word_1_50' title='bbox 680 1810 781 1887; x_wconf 91' lang='lat' dir='ltr'><strong>pomis</strong></span> <span class='ocrx_word' id='word_1_51' title='bbox 797 1810 945 1871; x_wconf 80' lang='lat' dir='ltr'><strong>Tiburtia</strong></span> <span class='ocrx_word' id='word_1_52' title='bbox 959 1830 1052 1887; x_wconf 88' lang='lat' dir='ltr'><strong>suoo;</strong></span> <span class='ocrx_word' id='word_1_53' title='bbox 1406 1826 1436 1874; x_wconf 75' lang='lat' dir='ltr'><strong>lo</strong></span> 
     </span>
     <span class='ocr_line' id='line_1_10' title="bbox 366 1908 1257 1987; baseline 0.001 -17"><span class='ocrx_word' id='word_1_54' title='bbox 366 1910 450 1970; x_wconf 87' lang='lat' dir='ltr'><strong>Nam</strong></span> <span class='ocrx_word' id='word_1_55' title='bbox 466 1908 548 1968; x_wconf 88' lang='lat' dir='ltr'><strong>facie</strong></span> <span class='ocrx_word' id='word_1_56' title='bbox 563 1915 736 1985; x_wconf 84' lang='lat' dir='ltr'><strong>praestant.</strong></span> <span class='ocrx_word' id='word_1_57' title='bbox 780 1908 989 1967; x_wconf 86' lang='lat' dir='ltr'><strong>Vennuncula</strong></span> <span class='ocrx_word' id='word_1_58' title='bbox 1004 1910 1152 1969; x_wconf 90' lang='lat' dir='ltr'><strong>convenit</strong></span> <span class='ocrx_word' id='word_1_59' title='bbox 1166 1910 1257 1987; x_wconf 88' lang='lat' dir='ltr'><strong>ollis;</strong></span> 
     </span>
     <span class='ocr_line' id='line_1_11' title="bbox 367 2004 1071 2066; baseline -0.003 -1"><span class='ocrx_word' id='word_1_60' title='bbox 367 2006 498 2066; x_wconf 84' lang='lat' dir='ltr'><strong>Rectius</strong></span> <span class='ocrx_word' id='word_1_61' title='bbox 513 2004 668 2064; x_wconf 86' lang='lat' dir='ltr'><strong>Albanam</strong></span> <span class='ocrx_word' id='word_1_62' title='bbox 686 2005 775 2063; x_wconf 83' lang='lat' dir='ltr'><strong>fumo</strong></span> <span class='ocrx_word' id='word_1_63' title='bbox 789 2004 954 2066; x_wconf 88' lang='lat' dir='ltr'><strong>duraveris</strong></span> <span class='ocrx_word' id='word_1_64' title='bbox 971 2024 1071 2065; x_wconf 89' lang='lat' dir='ltr'><strong>uvam.</strong></span> 
     </span>
     <span class='ocr_line' id='line_1_12' title="bbox 367 2101 1228 2179; baseline 0.002 -17"><span class='ocrx_word' id='word_1_65' title='bbox 367 2102 459 2162; x_wconf 87' lang='lat' dir='ltr'><strong>Hane</strong></span> <span class='ocrx_word' id='word_1_66' title='bbox 475 2121 531 2178; x_wconf 84' lang='lat' dir='ltr'><strong>ego</strong></span> <span class='ocrx_word' id='word_1_67' title='bbox 547 2119 616 2161; x_wconf 90' lang='lat' dir='ltr'><strong>oum</strong></span> <span class='ocrx_word' id='word_1_68' title='bbox 632 2101 734 2175; x_wconf 90' lang='lat' dir='ltr'><strong>malis,</strong></span> <span class='ocrx_word' id='word_1_69' title='bbox 750 2120 807 2177; x_wconf 84' lang='lat' dir='ltr'><strong>ego</strong></span> <span class='ocrx_word' id='word_1_70' title='bbox 823 2101 943 2161; x_wconf 85' lang='lat' dir='ltr'><strong>faecem</strong></span> <span class='ocrx_word' id='word_1_71' title='bbox 960 2104 1079 2179; x_wconf 88' lang='lat' dir='ltr'><strong>primns</strong></span> <span class='ocrx_word' id='word_1_72' title='bbox 1094 2110 1126 2163; x_wconf 89' lang='lat' dir='ltr'><strong>et</strong></span> <span class='ocrx_word' id='word_1_73' title='bbox 1141 2103 1228 2164; x_wconf 89' lang='lat' dir='ltr'><strong>allec.</strong></span> 
     </span>
     <span class='ocr_line' id='line_1_13' title="bbox 366 2199 1196 2278; baseline 0.001 -19"><span class='ocrx_word' id='word_1_74' title='bbox 366 2199 494 2260; x_wconf 88' lang='lat' dir='ltr'><strong>Primus</strong></span> <span class='ocrx_word' id='word_1_75' title='bbox 509 2206 541 2259; x_wconf 87' lang='lat' dir='ltr'><strong>et</strong></span> <span class='ocrx_word' id='word_1_76' title='bbox 552 2199 696 2258; x_wconf 91' lang='lat' dir='ltr'><strong>invenior</strong></span> <span class='ocrx_word' id='word_1_77' title='bbox 713 2199 802 2277; x_wconf 91' lang='lat' dir='ltr'><strong>piper</strong></span> <span class='ocrx_word' id='word_1_78' title='bbox 817 2199 923 2259; x_wconf 91' lang='lat' dir='ltr'><strong>album</strong></span> <span class='ocrx_word' id='word_1_79' title='bbox 939 2217 1009 2258; x_wconf 89' lang='lat' dir='ltr'><strong>cum</strong></span> <span class='ocrx_word' id='word_1_80' title='bbox 1026 2200 1092 2260; x_wconf 90' lang='lat' dir='ltr'><strong>sale</strong></span> <span class='ocrx_word' id='word_1_81' title='bbox 1107 2200 1196 2278; x_wconf 85' lang='lat' dir='ltr'><strong>nigro</strong></span> 
     </span>
     <span class='ocr_line' id='line_1_14' title="bbox 366 2296 1048 2375; baseline 0.001 -19"><span class='ocrx_word' id='word_1_82' title='bbox 366 2297 526 2358; x_wconf 88' lang='lat' dir='ltr'><strong>Incretum</strong></span> <span class='ocrx_word' id='word_1_83' title='bbox 544 2297 631 2375; x_wconf 88' lang='lat' dir='ltr'><strong>puris</strong></span> <span class='ocrx_word' id='word_1_84' title='bbox 645 2296 907 2373; x_wconf 85' lang='lat' dir='ltr'><strong>circumposuisse</strong></span> <span class='ocrx_word' id='word_1_85' title='bbox 923 2298 1048 2357; x_wconf 87' lang='lat' dir='ltr'><strong>catillis.</strong></span> 
     </span>
     <span class='ocr_line' id='line_1_15' title="bbox 408 2393 1201 2468; baseline 0.004 -15"><span class='ocrx_word' id='word_1_86' title='bbox 408 2395 550 2455; x_wconf 83' lang='lat' dir='ltr'><strong>immane</strong></span> <span class='ocrx_word' id='word_1_87' title='bbox 565 2401 615 2455; x_wconf 89' lang='lat' dir='ltr'><strong>est</strong></span> <span class='ocrx_word' id='word_1_88' title='bbox 630 2394 755 2468; x_wconf 86' lang='lat' dir='ltr'><strong>vitium,</strong></span> <span class='ocrx_word' id='word_1_89' title='bbox 772 2393 846 2453; x_wconf 86' lang='lat' dir='ltr'><strong>dare</strong></span> <span class='ocrx_word' id='word_1_90' title='bbox 861 2394 951 2453; x_wconf 91' lang='lat' dir='ltr'><strong>milia</strong></span> <span class='ocrx_word' id='word_1_91' title='bbox 965 2402 1055 2454; x_wconf 85' lang='lat' dir='ltr'><strong>terna</strong></span> <span class='ocrx_word' id='word_1_92' title='bbox 1069 2396 1201 2456; x_wconf 91' lang='lat' dir='ltr'><strong>macello</strong></span> 
     </span>
     <span class='ocr_line' id='line_1_16' title="bbox 366 2491 1054 2569; baseline -0.001 -18"><span class='ocrx_word' id='word_1_93' title='bbox 366 2492 574 2569; x_wconf 83' lang='lat' dir='ltr'><strong>Angustoque</strong></span> <span class='ocrx_word' id='word_1_94' title='bbox 590 2510 686 2567; x_wconf 85' lang='lat' dir='ltr'><strong>vagos</strong></span> <span class='ocrx_word' id='word_1_95' title='bbox 704 2491 800 2568; x_wconf 90' lang='lat' dir='ltr'><strong>piscis</strong></span> <span class='ocrx_word' id='word_1_96' title='bbox 815 2509 926 2566; x_wconf 82' lang='lat' dir='ltr'><strong>urgere</strong></span> <span class='ocrx_word' id='word_1_97' title='bbox 941 2493 1054 2550; x_wconf 88' lang='lat' dir='ltr'><strong>catino.</strong></span> 
     </span>
     <span class='ocr_line' id='line_1_17' title="bbox 366 2588 1221 2665; baseline 0.002 -17"><span class='ocrx_word' id='word_1_98' title='bbox 366 2590 484 2664; x_wconf 87' lang='lat' dir='ltr'><strong>Magna</strong></span> <span class='ocrx_word' id='word_1_99' title='bbox 500 2597 603 2647; x_wconf 90' lang='lat' dir='ltr'><strong>movet</strong></span> <span class='ocrx_word' id='word_1_100' title='bbox 618 2588 780 2648; x_wconf 86' lang='lat' dir='ltr'><strong>stomacho</strong></span> <span class='ocrx_word' id='word_1_101' title='bbox 795 2588 936 2661; x_wconf 87' lang='lat' dir='ltr'><strong>fastidia,</strong></span> <span class='ocrx_word' id='word_1_102' title='bbox 953 2606 1008 2648; x_wconf 91' lang='lat' dir='ltr'><strong>seu</strong></span> <span class='ocrx_word' id='word_1_103' title='bbox 1024 2608 1101 2665; x_wconf 89' lang='lat' dir='ltr'><strong>puer</strong></span> <span class='ocrx_word' id='word_1_104' title='bbox 1115 2591 1221 2651; x_wconf 88' lang='lat' dir='ltr'><strong>unctis</strong></span> 
     </span>
     <span class='ocr_line' id='line_1_18' title="bbox 366 2683 1185 2760; baseline 0.001 -16"><span class='ocrx_word' id='word_1_105' title='bbox 366 2684 529 2745; x_wconf 88' lang='lat' dir='ltr'><strong>Tractavit</strong></span> <span class='ocrx_word' id='word_1_106' title='bbox 543 2684 673 2743; x_wconf 88' lang='lat' dir='ltr'><strong>calicem</strong></span> <span class='ocrx_word' id='word_1_107' title='bbox 687 2683 842 2757; x_wconf 88' lang='lat' dir='ltr'><strong>manibus,</strong></span> <span class='ocrx_word' id='word_1_108' title='bbox 858 2684 933 2742; x_wconf 92' lang='lat' dir='ltr'><strong>dum</strong></span> <span class='ocrx_word' id='word_1_109' title='bbox 949 2685 1037 2744; x_wconf 86' lang='lat' dir='ltr'><strong>furta</strong></span> <span class='ocrx_word' id='word_1_110' title='bbox 1049 2685 1185 2760; x_wconf 88' lang='lat' dir='ltr'><strong>ligurrit,</strong></span> 
     </span>
     <span class='ocr_line' id='line_1_19' title="bbox 368 2780 1110 2856; baseline -0.001 -15"><span class='ocrx_word' id='word_1_111' title='bbox 368 2781 440 2841; x_wconf 85' lang='lat' dir='ltr'><strong>Sive</strong></span> <span class='ocrx_word' id='word_1_112' title='bbox 455 2780 561 2856; x_wconf 83' lang='lat' dir='ltr'><strong>gravis</strong></span> <span class='ocrx_word' id='word_1_113' title='bbox 577 2781 675 2839; x_wconf 86' lang='lat' dir='ltr'><strong>veteri</strong></span> <span class='ocrx_word' id='word_1_114' title='bbox 692 2787 832 2839; x_wconf 87' lang='lat' dir='ltr'><strong>craterae</strong></span> <span class='ocrx_word' id='word_1_115' title='bbox 848 2780 943 2839; x_wconf 92' lang='lat' dir='ltr'><strong>limus</strong></span> <span class='ocrx_word' id='word_1_116' title='bbox 958 2781 1110 2841; x_wconf 89' lang='lat' dir='ltr'><strong>adhaesit.</strong></span> 
     </span>
     <span class='ocr_line' id='line_1_20' title="bbox 360 2876 1172 2955; baseline 0.001 -18"><span class='ocrx_word' id='word_1_117' title='bbox 360 2877 492 2938; x_wconf 76' lang='lat' dir='ltr'><strong>Vilibus</strong></span> <span class='ocrx_word' id='word_1_118' title='bbox 508 2877 540 2936; x_wconf 89' lang='lat' dir='ltr'><strong>in</strong></span> <span class='ocrx_word' id='word_1_119' title='bbox 556 2878 669 2953; x_wconf 88' lang='lat' dir='ltr'><strong>scopis,</strong></span> <span class='ocrx_word' id='word_1_120' title='bbox 685 2877 718 2935; x_wconf 92' lang='lat' dir='ltr'><strong>in</strong></span> <span class='ocrx_word' id='word_1_121' title='bbox 732 2876 865 2954; x_wconf 88' lang='lat' dir='ltr'><strong>mappis,</strong></span> <span class='ocrx_word' id='word_1_122' title='bbox 880 2877 914 2935; x_wconf 91' lang='lat' dir='ltr'><strong>in</strong></span> <span class='ocrx_word' id='word_1_123' title='bbox 930 2878 1020 2936; x_wconf 91' lang='lat' dir='ltr'><strong>scobe</strong></span> <span class='ocrx_word' id='word_1_124' title='bbox 1036 2886 1172 2955; x_wconf 86' lang='lat' dir='ltr'><strong>quantus</strong></span> 
     </span>
     <span class='ocr_line' id='line_1_21' title="bbox 367 2962 1225 3052; baseline 0.001 -18"><span class='ocrx_word' id='word_1_125' title='bbox 367 2974 521 3034; x_wconf 82' lang='lat' dir='ltr'><strong>Consistit</strong></span> <span class='ocrx_word' id='word_1_126' title='bbox 536 2962 705 3050; x_wconf 85' lang='lat' dir='ltr'><strong>sumptus?</strong></span> <span class='ocrx_word' id='word_1_127' title='bbox 748 2973 921 3048; x_wconf 84' lang='lat' dir='ltr'><strong>Neglectis,</strong></span> <span class='ocrx_word' id='word_1_128' title='bbox 934 2973 1089 3047; x_wconf 88' lang='lat' dir='ltr'><strong>flagitium</strong></span> <span class='ocrx_word' id='word_1_129' title='bbox 1105 2975 1225 3052; x_wconf 88' lang='lat' dir='ltr'><strong>ingens.</strong></span> 
     </span>
     <span class='ocr_line' id='line_1_22' title="bbox 366 3056 1114 3149; baseline 0 -19"><span class='ocrx_word' id='word_1_130' title='bbox 366 3072 431 3130; x_wconf 90' lang='lat' dir='ltr'><strong>Ten</strong></span> <span class='ocrx_word' id='word_1_131' title='bbox 447 3056 571 3149; x_wconf 86' lang='lat' dir='ltr'><strong>lapides</strong></span> <span class='ocrx_word' id='word_1_132' title='bbox 584 3070 687 3128; x_wconf 84' lang='lat' dir='ltr'><strong>varios</strong></span> <span class='ocrx_word' id='word_1_133' title='bbox 704 3069 863 3129; x_wconf 86' lang='lat' dir='ltr'><strong>lutulenta</strong></span> <span class='ocrx_word' id='word_1_134' title='bbox 877 3070 985 3129; x_wconf 90' lang='lat' dir='ltr'><strong>radere</strong></span> <span class='ocrx_word' id='word_1_135' title='bbox 1001 3069 1114 3147; x_wconf 88' lang='lat' dir='ltr'><strong>palma,</strong></span> 
     </span>
     <span class='ocr_line' id='line_1_23' title="bbox 365 3166 1119 3246; baseline 0.001 -19"><span class='ocrx_word' id='word_1_136' title='bbox 365 3168 408 3227; x_wconf 84' lang='lat' dir='ltr'><strong>Et</strong></span> <span class='ocrx_word' id='word_1_137' title='bbox 421 3168 536 3246; x_wconf 85' lang='lat' dir='ltr'><strong>Tyrias</strong></span> <span class='ocrx_word' id='word_1_138' title='bbox 551 3167 625 3226; x_wconf 86' lang='lat' dir='ltr'><strong>dare</strong></span> <span class='ocrx_word' id='word_1_139' title='bbox 639 3168 756 3225; x_wconf 88' lang='lat' dir='ltr'><strong>circum</strong></span> <span class='ocrx_word' id='word_1_140' title='bbox 770 3166 871 3226; x_wconf 90' lang='lat' dir='ltr'><strong>inlota</strong></span> <span class='ocrx_word' id='word_1_141' title='bbox 884 3167 998 3226; x_wconf 87' lang='lat' dir='ltr'><strong>toralia</strong></span> <span class='ocrx_word' id='word_1_142' title='bbox 1013 3167 1119 3242; x_wconf 88' lang='lat' dir='ltr'><strong>vestis,</strong></span> 
     </span>
     <span class='ocr_line' id='line_1_24' title="bbox 366 3263 1178 3341; baseline -0.001 -15"><span class='ocrx_word' id='word_1_143' title='bbox 366 3263 517 3339; x_wconf 90' lang='lat' dir='ltr'><strong>Oblitum‚</strong></span> <span class='ocrx_word' id='word_1_144' title='bbox 533 3270 652 3341; x_wconf 86' lang='lat' dir='ltr'><strong>quanto</strong></span> <span class='ocrx_word' id='word_1_145' title='bbox 665 3281 772 3322; x_wconf 87' lang='lat' dir='ltr'><strong>euram</strong></span> <span class='ocrx_word' id='word_1_146' title='bbox 788 3273 1011 3341; x_wconf 90' lang='lat' dir='ltr'><strong>sumptumque</strong></span> <span class='ocrx_word' id='word_1_147' title='bbox 1027 3266 1178 3325; x_wconf 90' lang='lat' dir='ltr'><strong>minorem</strong></span> 
     </span>
     <span class='ocr_line' id='line_1_25' title="bbox 366 3360 1144 3437; baseline 0 -16"><span class='ocrx_word' id='word_1_148' title='bbox 366 3362 454 3421; x_wconf 87' lang='lat' dir='ltr'><strong>Haeo</strong></span> <span class='ocrx_word' id='word_1_149' title='bbox 469 3360 615 3433; x_wconf 86' lang='lat' dir='ltr'><strong>habeant,</strong></span> <span class='ocrx_word' id='word_1_150' title='bbox 630 3367 722 3419; x_wconf 91' lang='lat' dir='ltr'><strong>tanto</strong></span> <span class='ocrx_word' id='word_1_151' title='bbox 736 3360 923 3437; x_wconf 89' lang='lat' dir='ltr'><strong>reprehendi</strong></span> <span class='ocrx_word' id='word_1_152' title='bbox 940 3361 1055 3422; x_wconf 90' lang='lat' dir='ltr'><strong>iustius</strong></span> <span class='ocrx_word' id='word_1_153' title='bbox 1070 3362 1144 3436; x_wconf 89' lang='lat' dir='ltr'><strong>illis,</strong></span> 
     </span>
     <span class='ocr_line' id='line_1_26' title="bbox 365 3457 1224 3535; baseline 0.001 -17"><span class='ocrx_word' id='word_1_154' title='bbox 365 3459 451 3530; x_wconf 86' lang='lat' dir='ltr'><strong>Quae</strong></span> <span class='ocrx_word' id='word_1_155' title='bbox 466 3458 527 3517; x_wconf 92' lang='lat' dir='ltr'><strong>nisi</strong></span> <span class='ocrx_word' id='word_1_156' title='bbox 541 3457 695 3518; x_wconf 86' lang='lat' dir='ltr'><strong>divitibus</strong></span> <span class='ocrx_word' id='word_1_157' title='bbox 711 3464 873 3534; x_wconf 88' lang='lat' dir='ltr'><strong>nequeunt</strong></span> <span class='ocrx_word' id='word_1_158' title='bbox 887 3458 1068 3535; x_wconf 85' lang='lat' dir='ltr'><strong>contingere</strong></span> <span class='ocrx_word' id='word_1_159' title='bbox 1084 3459 1224 3520; x_wconf 89' lang='lat' dir='ltr'><strong>mensis?</strong></span> 
     </span>
     <span class='ocr_line' id='line_1_27' title="bbox 407 3555 1240 3632; baseline 0.002 -17"><span class='ocrx_word' id='word_1_160' title='bbox 407 3557 448 3615; x_wconf 88' lang='lat' dir='ltr'><strong>H.</strong></span> <span class='ocrx_word' id='word_1_161' title='bbox 472 3556 572 3615; x_wconf 89' lang='lat' dir='ltr'><strong>Docte</strong></span> <span class='ocrx_word' id='word_1_162' title='bbox 586 3555 668 3627; x_wconf 86' lang='lat' dir='ltr'><strong>Cati,</strong></span> <span class='ocrx_word' id='word_1_163' title='bbox 681 3574 736 3632; x_wconf 91' lang='lat' dir='ltr'><strong>per</strong></span> <span class='ocrx_word' id='word_1_164' title='bbox 750 3555 922 3614; x_wconf 87' lang='lat' dir='ltr'><strong>amicitiam</strong></span> <span class='ocrx_word' id='word_1_165' title='bbox 938 3555 1088 3632; x_wconf 87' lang='lat' dir='ltr'><strong>divosque</strong></span> <span class='ocrx_word' id='word_1_166' title='bbox 1105 3562 1240 3631; x_wconf 72' lang='lat' dir='ltr'><strong>rogatus</strong></span> 
     </span>
     <span class='ocr_line' id='line_1_28' title="bbox 303 3652 1244 3730; baseline 0.001 -19"><span class='ocrx_word' id='word_1_167' title='bbox 303 3718 306 3724; x_wconf 46' lang='grc'>,</span> <span class='ocrx_word' id='word_1_168' title='bbox 366 3653 488 3712; x_wconf 88' lang='lat' dir='ltr'><strong>Ducere</strong></span> <span class='ocrx_word' id='word_1_169' title='bbox 503 3671 553 3712; x_wconf 91' lang='lat' dir='ltr'><strong>me</strong></span> <span class='ocrx_word' id='word_1_170' title='bbox 567 3652 721 3726; x_wconf 86' lang='lat' dir='ltr'><strong>auditum,</strong></span> <span class='ocrx_word' id='word_1_171' title='bbox 735 3670 844 3730; x_wconf 85' lang='lat' dir='ltr'><strong>perges</strong></span> <span class='ocrx_word' id='word_1_172' title='bbox 860 3670 1064 3729; x_wconf 87' lang='lat' dir='ltr'><strong>quocumque,</strong></span> <span class='ocrx_word' id='word_1_173' title='bbox 1081 3662 1244 3713; x_wconf 89' lang='lat' dir='ltr'><strong>memento.</strong></span> 
     </span>
     <span class='ocr_line' id='line_1_29' title="bbox 366 3749 1431 3827; baseline 0.002 -18"><span class='ocrx_word' id='word_1_174' title='bbox 366 3749 448 3809; x_wconf 86' lang='lat' dir='ltr'><strong>Nam</strong></span> <span class='ocrx_word' id='word_1_175' title='bbox 464 3750 608 3827; x_wconf 85' lang='lat' dir='ltr'><strong>quamvis</strong></span> <span class='ocrx_word' id='word_1_176' title='bbox 624 3750 754 3809; x_wconf 90' lang='lat' dir='ltr'><strong>memori</strong></span> <span class='ocrx_word' id='word_1_177' title='bbox 769 3750 888 3809; x_wconf 89' lang='lat' dir='ltr'><strong>referas</strong></span> <span class='ocrx_word' id='word_1_178' title='bbox 905 3749 982 3808; x_wconf 93' lang='lat' dir='ltr'><strong>mihi</strong></span> <span class='ocrx_word' id='word_1_179' title='bbox 999 3756 1123 3827; x_wconf 88' lang='lat' dir='ltr'><strong>pectore</strong></span> <span class='ocrx_word' id='word_1_180' title='bbox 1138 3758 1259 3827; x_wconf 86' lang='lat' dir='ltr'><strong>cuncta,</strong></span> <span class='ocrx_word' id='word_1_181' title='bbox 1400 3756 1431 3802; x_wconf 83' lang='lat'><strong>9⁰</strong></span> 
     </span>
     <span class='ocr_line' id='line_1_30' title="bbox 366 3846 1213 3924; baseline 0.002 -19"><span class='ocrx_word' id='word_1_182' title='bbox 366 3847 438 3905; x_wconf 90' lang='lat' dir='ltr'><strong>Non</strong></span> <span class='ocrx_word' id='word_1_183' title='bbox 453 3853 560 3907; x_wconf 88' lang='lat' dir='ltr'><strong>tamen</strong></span> <span class='ocrx_word' id='word_1_184' title='bbox 575 3846 731 3924; x_wconf 89' lang='lat' dir='ltr'><strong>interpres</strong></span> <span class='ocrx_word' id='word_1_185' title='bbox 747 3847 934 3906; x_wconf 88' lang='lat' dir='ltr'><strong>tantundem</strong></span> <span class='ocrx_word' id='word_1_186' title='bbox 950 3846 1076 3906; x_wconf 89' lang='lat' dir='ltr'><strong>iuveris.</strong></span> <span class='ocrx_word' id='word_1_187' title='bbox 1122 3848 1213 3907; x_wconf 86' lang='lat' dir='ltr'><strong>Adde</strong></span> 
     </span>
     <span class='ocr_line' id='line_1_31' title="bbox 365 3943 1298 4022; baseline 0.005 -20"><span class='ocrx_word' id='word_1_188' title='bbox 365 3943 494 4004; x_wconf 90' lang='lat' dir='ltr'><strong>Voltum</strong></span> <span class='ocrx_word' id='word_1_189' title='bbox 510 3945 716 4022; x_wconf 89' lang='lat' dir='ltr'><strong>habitumque</strong></span> <span class='ocrx_word' id='word_1_190' title='bbox 732 3944 878 4016; x_wconf 87' lang='lat' dir='ltr'><strong>hominis,</strong></span> <span class='ocrx_word' id='word_1_191' title='bbox 895 3963 986 4021; x_wconf 89' lang='lat' dir='ltr'><strong>quem</strong></span> <span class='ocrx_word' id='word_1_192' title='bbox 1003 3952 1036 4004; x_wconf 88' lang='lat' dir='ltr'><strong>tu</strong></span> <span class='ocrx_word' id='word_1_193' title='bbox 1053 3945 1172 4006; x_wconf 84' lang='lat' dir='ltr'><strong>vidisse</strong></span> <span class='ocrx_word' id='word_1_194' title='bbox 1187 3946 1298 4007; x_wconf 88' lang='lat' dir='ltr'><strong>beatus</strong></span> 
     </span>
     <span class='ocr_line' id='line_1_32' title="bbox 366 4041 1192 4120; baseline 0.004 -20"><span class='ocrx_word' id='word_1_195' title='bbox 366 4041 438 4100; x_wconf 91' lang='lat' dir='ltr'><strong>Non</strong></span> <span class='ocrx_word' id='word_1_196' title='bbox 454 4042 559 4117; x_wconf 82' lang='lat' dir='ltr'><strong>magni</strong></span> <span class='ocrx_word' id='word_1_197' title='bbox 575 4042 698 4120; x_wconf 89' lang='lat' dir='ltr'><strong>pendis,</strong></span> <span class='ocrx_word' id='word_1_198' title='bbox 715 4042 789 4119; x_wconf 86' lang='lat' dir='ltr'><strong>quia</strong></span> <span class='ocrx_word' id='word_1_199' title='bbox 803 4041 951 4118; x_wconf 82' lang='lat' dir='ltr'><strong>contigit3</strong></span> <span class='ocrx_word' id='word_1_200' title='bbox 975 4042 1101 4101; x_wconf 79' lang='lat' dir='ltr'><strong>etmihi</strong></span> <span class='ocrx_word' id='word_1_201' title='bbox 1117 4061 1192 4103; x_wconf 88' lang='lat' dir='ltr'><strong>cura</strong></span> 
     </span>
     <span class='ocr_line' id='line_1_33' title="bbox 351 4138 1145 4211; baseline 0.003 -13"><span class='ocrx_word' id='word_1_202' title='bbox 351 4138 438 4205; x_wconf 73' lang='lat' dir='ltr'><strong>,Non</strong></span> <span class='ocrx_word' id='word_1_203' title='bbox 454 4139 620 4199; x_wconf 88' lang='lat' dir='ltr'><strong>mediocris</strong></span> <span class='ocrx_word' id='word_1_204' title='bbox 636 4140 728 4211; x_wconf 88' lang='lat' dir='ltr'><strong>inest,</strong></span> <span class='ocrx_word' id='word_1_205' title='bbox 745 4139 843 4198; x_wconf 85' lang='lat' dir='ltr'><strong>fontis</strong></span> <span class='ocrx_word' id='word_1_206' title='bbox 860 4146 895 4198; x_wconf 89' lang='lat' dir='ltr'><strong>nt</strong></span> <span class='ocrx_word' id='word_1_207' title='bbox 909 4139 996 4198; x_wconf 87' lang='lat' dir='ltr'><strong>adire</strong></span> <span class='ocrx_word' id='word_1_208' title='bbox 1012 4146 1145 4200; x_wconf 91' lang='lat' dir='ltr'><strong>remotos</strong></span> 
     </span>
     <span class='ocr_line' id='line_1_34' title="bbox 365 4236 1149 4315; baseline 0.004 -19"><span class='ocrx_word' id='word_1_209' title='bbox 365 4237 472 4314; x_wconf 83' lang='lat' dir='ltr'><strong>Atque</strong></span> <span class='ocrx_word' id='word_1_210' title='bbox 487 4236 613 4307; x_wconf 81' lang='lat' dir='ltr'><strong>haurire</strong></span> <span class='ocrx_word' id='word_1_211' title='bbox 625 4254 735 4315; x_wconf 89' lang='lat' dir='ltr'><strong>queam</strong></span> <span class='ocrx_word' id='word_1_212' title='bbox 752 4236 836 4296; x_wconf 87' lang='lat' dir='ltr'><strong>vitae</strong></span> <span class='ocrx_word' id='word_1_213' title='bbox 852 4243 1019 4315; x_wconf 90' lang='lat' dir='ltr'><strong>praecepta</strong></span> <span class='ocrx_word' id='word_1_214' title='bbox 1032 4236 1149 4299; x_wconf 86' lang='lat' dir='ltr'><strong>beatae.</strong></span> 
     </span>
    </p>
   </div>
   <div class='ocr_carea' id='block_1_3' title="bbox 0 0 1800 5067">
    <p class='ocr_par' dir='ltr' id='par_1_3' title="bbox 0 0 1800 5067">
     <span class='ocr_line' id='line_1_35' title="bbox 0 0 1800 5067; baseline 0 0"><span class='ocrx_word' id='word_1_215' title='bbox 0 0 1800 5067; x_wconf 95' lang='lat' dir='ltr'><strong> </strong></span> 
     </span>
    </p>
   </div>
  </div>
 </body>
</html>
