3592 5067
75 175 1198 481 -

370 971 435 1038 ru]
823 968 936 1020 muas
961 968 981 1019 1.

370 1142 495 1204 Gestiet
509 1160 528 1201 a
542 1140 638 1200 furno
652 1139 815 1201 redeuntis
829 1141 910 1202 scire
926 1140 1058 1217 lacuque

369 1241 410 1301 Et
425 1256 538 1319 pueros
552 1243 585 1297 et
600 1237 699 1297 anus!

732 1335 887 1413 Agedum,
903 1352 1004 1413 pauca
1018 1334 1123 1412 accipe
1138 1342 1255 1397 contra

368 1435 509 1495 Primum
526 1451 583 1510 ego
598 1450 647 1492 me
662 1431 798 1505 illorum,
813 1432 954 1492 dederim
971 1432 1085 1509 quibus
1100 1450 1169 1493 esse
1185 1440 1301 1509 poetas,

369 1534 542 1609 Excerpam
559 1548 705 1605 numero,
728 1548 829 1607 neque
844 1530 930 1589 euim
945 1529 1129 1590 concludere
1145 1548 1269 1589 versum
1402 1542 1433 1588 ⁴0

368 1629 496 1690 Dixeris
510 1646 578 1688 esse
593 1628 688 1701 satis;
711 1644 822 1704 neque,
839 1626 937 1704 siqui
954 1628 1071 1688 scribat
1086 1626 1132 1687 uti
1149 1644 1205 1687 nos

367 1726 510 1787 Sermoni
528 1726 681 1802 propiora,
698 1730 790 1801 putes
806 1724 889 1783 hunc
905 1741 973 1784 esse
989 1731 1121 1801 poetam.

367 1822 533 1902 Ingenium
550 1822 599 1881 cui
616 1820 667 1893 sit,
682 1821 732 1881 cui
748 1839 836 1881 mens
851 1820 990 1880 divinior
1004 1828 1099 1898 atque
1113 1840 1147 1881 os

367 1922 484 1996 Magna
498 1925 691 1989 sonaturnnr,
707 1917 762 1977 des
778 1917 916 1978 nominis
931 1917 1026 1977 huius
1042 1918 1201 1978 honorem.

367 2017 490 2077 Idcirco
504 2015 632 2092 quidam
649 2014 810 2075 comoedia
825 2032 921 2073 necne
938 2032 1048 2092 poema

366 2114 460 2174 Esset
474 2111 666 2189 quaesivere,
682 2111 765 2188 quod
781 2130 852 2172 acer
867 2111 999 2188 spiritus
1014 2130 1049 2172 ac
1066 2112 1114 2173 vis

365 2211 433 2271 Nec
448 2209 553 2270 verbis
567 2226 624 2268 nec
639 2209 732 2269 rebus
748 2209 841 2282 inest,
856 2208 919 2269 nisi
936 2209 1019 2286 quod
1034 2210 1113 2287 pede
1128 2219 1214 2272 certo

366 2307 483 2366 Differt
496 2306 642 2379 sermoni,
657 2324 760 2367 sermo
774 2325 887 2366 merus.
932 2307 995 2366 ‘At
1009 2314 1098 2385 pater
1112 2308 1226 2369 ardens

365 2403 482 2477 Saevit,
498 2403 582 2481 quod
599 2403 761 2463 meretrice
777 2422 874 2481 nepos
891 2404 1020 2464 insanus
1035 2405 1136 2464 amica

366 2501 467 2560 Filius
483 2518 609 2560 uxorem
626 2499 737 2576 grandi
754 2518 823 2559 cum
841 2501 914 2560 dote
930 2508 1061 2575 recuset,

366 2598 481 2658 Ebrius
496 2606 536 2671 et,
552 2616 699 2673 magnum
716 2598 800 2674 quod
815 2598 961 2672 dedecus,
977 2598 1117 2659 ambulet
1131 2607 1204 2660 ante

364 2695 496 2754 Noctem
512 2713 582 2754 cum
600 2694 742 2753 facibus!
785 2695 950 2771 Numquid
967 2695 1158 2773 Pomponius
1174 2697 1250 2758 istis

366 2792 501 2851 Audiret
515 2790 642 2863 leviora,
658 2798 748 2868 pater
763 2792 789 2851 si
807 2792 955 2851 viveret?
997 2792 1081 2869 Ergo

364 2888 435 2948 Non
451 2888 530 2947 satis
545 2894 594 2947 est
609 2888 695 2963 puris
712 2905 836 2947 versum
852 2889 1044 2965 perscribere
1060 2890 1174 2963 verbis,

363 2984 460 3055 Quem
476 2984 505 3044 si
519 2982 685 3056 dissolvas,
700 2984 805 3059 quivis
820 2985 1035 3044 stomachetur
1050 2987 1158 3045 eodem

363 3082 431 3152 Quo
447 3086 633 3158 personatus
649 3086 742 3157 pacto
757 3088 853 3157 pater.
900 3082 971 3154 His,
987 3099 1044 3157 ego
1059 3100 1138 3159 quae
1153 3103 1245 3160 nunc,

363 3178 446 3239 Olim
462 3196 543 3255 quae
558 3178 686 3255 scripsit
701 3176 853 3250 Lucilius,
868 3179 985 3255 eripias
1000 3179 1027 3238 si

363 3276 517 3351 Tempora
531 3281 616 3333 certa
631 3274 810 3350 modosque,
826 3282 858 3335 et
874 3276 957 3352 quod
974 3276 1062 3353 prius
1077 3277 1186 3337 ordine
1202 3279 1330 3339 verbum
1345 3290 1396 3343 est

365 3372 525 3431 Posterius
541 3371 649 3443 facias,
666 3388 861 3448 praeponens
877 3371 991 3431 ultima
1005 3373 1125 3449 primiS,

363 3468 444 3539 Non,
461 3474 495 3527 ut
510 3468 536 3527 si
553 3468 657 3528 solvas
673 3474 860 3545 ‘postquam
877 3468 1045 3529 Discordia
1059 3478 1161 3530 taetra
1394 3489 1425 3533 60

366 3565 444 3624 Belli
460 3565 594 3624 ferratos
609 3564 710 3642 postis
725 3571 895 3643 portasque
911 3566 1061 3641 refregit,'

363 3661 511 3721 Invenias
526 3662 621 3722 etiam
637 3662 761 3721 disiecti
777 3661 917 3721 membra
933 3670 1050 3740 poetae.

403 3760 566 3819 Hactenus
584 3759 674 3817 haec:
698 3758 776 3819 alias
791 3760 908 3819 iustum
927 3761 970 3820 sit
984 3778 1081 3820 necne
1096 3781 1221 3841 poema3

363 3856 454 3915 Nunc
470 3855 550 3915 illud
566 3862 688 3915 tantum
706 3874 863 3933 quaeram,
880 3860 1031 3917 meritone
1047 3860 1105 3918 tibi
1121 3860 1165 3919 sit

363 3954 548 4030 Suspectum
565 3971 663 4028 genus
680 3952 737 4012 hoc
752 3954 918 4014 scribendi.
962 3954 1087 4016 Sulcius
1102 3975 1172 4015 acer

363 4049 514 4110 Ambulat
528 4057 561 4109 et
575 4051 717 4127 Caprius,
734 4051 818 4110 rauci
834 4051 916 4111 male
930 4069 1063 4130 cumque
1078 4053 1205 4127 libellis,

364 4148 498 4224 Magnus
513 4155 644 4224 uterque
660 4149 754 4207 timor
769 4148 961 4223 latronibus;
977 4157 1011 4209 at
1026 4150 1103 4209 bene
1118 4152 1144 4210 si
1160 4155 1232 4230 quis

364 4245 404 4305 Et
419 4249 506 4305 vivat
522 4246 608 4322 puris
626 4246 778 4318 manibus,
795 4254 975 4306 contemnat
990 4255 1167 4326 utrumque.

364 4343 409 4403 Ut
423 4343 467 4403 sis
479 4351 514 4402 tu
529 4341 644 4404 similis
659 4342 747 4402 Caeli
765 4344 910 4421 Birrique
926 4344 1090 4419 latronum,
