3592 5067
326 992 362 1059 ι]
773 988 885 1039 umas
909 987 945 1038 11.

325 1128 567 1245 Iurandasqlrs
556 1168 646 1223 tuum
658 1180 715 1240 per
731 1180 847 1222 numen
865 1160 1011 1239 ponimus
1026 1180 1104 1238 aras,
1213 1252 1216 1257 ἢ

323 1260 381 1322 Nil
395 1261 549 1321 oriturum
557 1250 652 1335 alias,
669 1258 715 1317 nil
731 1264 835 1318 ortum
851 1257 916 1318 tale
934 1258 1078 1319 fatentes
1159 1289 1162 1295 ·

364 1359 426 1421 Sed
440 1367 514 1420 tuus
529 1358 581 1418 hie
596 1356 741 1436 populus
759 1356 885 1434 sapiens
901 1364 934 1417 et
948 1358 1052 1419 iustus
1066 1361 1100 1419 in
1113 1333 1208 1435 uno,¹'

1201 1322 1246 1366 ·.·)

321 1459 367 1518 Te
380 1457 498 1518 nostris
512 1455 654 1529 ducibus,
671 1461 703 1515 te
720 1454 814 1516 Grais
832 1456 1045 1533 anteferendo,

227 1568 231 1572 ’
322 1555 434 1616 Cetera
448 1572 646 1632 nequaquam
661 1552 760 1613 simili
777 1554 898 1613 ratione
915 1556 1067 1633 modoque

321 1653 480 1714 Aestimat
493 1658 535 1724 et,
551 1652 614 1711 nisi
628 1669 709 1728 quae
725 1652 820 1712 terris
838 1660 958 1712 semota
971 1654 1098 1730 suisque

319 1752 525 1829 Temporibus
541 1751 693 1812 defuncta
709 1751 808 1825 videt,
826 1750 953 1811 fastidit
967 1750 1089 1825 etodit,

320 1846 372 1908 Sic
386 1848 491 1908 fautor
507 1854 657 1923 veterum,
673 1854 710 1907 ut
724 1847 849 1937 tabulas
864 1866 991 1942 peccare
1005 1847 1144 1909 vetantis
1224 1875 1230 1885 ·

318 1945 402 2016 Quas
417 1946 466 2006 bis
481 1947 619 2024 quinque
631 1946 693 2006 viri
710 1954 892 2031 sanxerunt,
910 1925 1037 2005 foedera
1050 1962 1158 2021 regum

318 2041 376 2102 Vel
393 2042 504 2103 Gabiis
518 2042 568 2103 vel
583 2061 655 2103 cum
672 2012 783 2118 rigidis
800 2048 934 2119 aequata
949 2041 1082 2135 Sabinis,

316 2138 504 2199 Pontificum
521 2138 628 2222 libros,
644 2158 764 2200 annosa
778 2138 941 2199 volumina
955 2146 1062 2198 vatum

316 2236 451 2307 Dictitet
465 2217 598 2297 Albano
605 2236 738 2297 Musas
732 2255 764 2295 m
782 2244 886 2295 monte
903 2234 1030 2309 locutas,

316 2332 369 2407 Si,
375 2333 451 2411 quia
465 2334 654 2394 Graecomm
670 2340 745 2392 sunt
757 2332 981 2409 antiquissima
994 2348 1136 2411 quaeque

315 2430 440 2508 Scripta
454 2430 504 2490 vel
516 2430 645 2508 optima,
662 2430 797 2522 Romapi
814 2436 987 2507 pensantur
997 2428 1107 2489 eadem

315 2526 490 2605 Scriptores
506 2524 635 2602 trutina,
651 2521 712 2586 nori
729 2501 778 2587 ιιι
793 2526 877 2604 quod
894 2525 994 2585 multa
1007 2525 1190 2602 loquamur.

312 2622 369 2725 Nil
384 2624 469 2683 intra
479 2632 528 2683 est
542 2622 620 2698 olea,
632 2623 748 2683 nilt
693 2642 731 2683 ex
735 2630 785 2683 ιιι
798 2631 846 2683 est
861 2623 894 2682 in
909 2641 987 2682 nuce
1002 2623 1090 2697 duri;
1152 2679 1155 2683 .

312 2697 464 2781 Venimus
478 2721 518 2779 ad
533 2738 692 2781 summum
706 2720 771 2780 fort
758 2726 862 2794 tunae,
880 2720 1039 2797 pingimus
1054 2725 1148 2797 atque

311 2815 483 2877 Psallimus
498 2823 529 2877 et
544 2815 701 2876 luctamur
715 2815 849 2876 Achivis
865 2817 988 2876 doctius
1002 2823 1078 2876 unct
1079 2817 1115 2876 is.

352 2911 386 2972 si
401 2912 531 2974 meliora
545 2913 623 2987 dies,
639 2920 675 2973 ut
690 2915 773 2987 vina,
789 2919 935 2990 poemata
950 2912 1061 2986 reddit,

311 3007 397 3069 Scire
412 3009 516 3083 velim,
528 3009 648 3071 chartis
663 3010 801 3088 pretium
817 3016 933 3093 quotus
948 3009 1077 3085 adroget
1090 3027 1201 3074 annus.

310 3104 452 3191 Scriptor
465 3106 579 3166 abhinc
594 3125 693 3167 annos
708 3113 834 3167 centum
851 3107 907 3184 qui
923 3106 1050 3179 decidit,
1066 3105 1149 3166 inter

308 3201 539 3282 Perfectost
485 3222 523 3263 ve
526 3210 669 3281 teresque
685 3204 797 3264 referri
812 3203 907 3264 debet
921 3222 962 3264 an
976 3203 1058 3264 inter

308 3276 402 3360 Vilis
406 3298 501 3377 atque
516 3302 673 3400 novosiatv
695 3299 878 3360 Excludat
870 3301 1042 3377 iurgia
984 3301 1073 3360 finis!

309 3395 385 3456 ‘Est
399 3404 490 3456 vetus
505 3404 601 3477 atque
616 3370 741 3474 probus,
756 3404 883 3458 centurn
900 3399 953 3474 qui
972 3396 1095 3474 perficit
1108 3398 1228 3459 annos'

306 3491 417 3562 Quid?
437 3513 492 3570 qur
483 3493 642 3572 deperiit
657 3494 760 3554 minor
775 3512 837 3554 uno
853 3512 959 3554 mense
974 3494 1023 3555 vel
1038 3512 1129 3569 anno,

306 3588 395 3650 Inter
409 3609 487 3668 quos
502 3591 686 3652 referendus
700 3592 788 3652 erit?
831 3592 1002 3652 Veteresne
1017 3598 1134 3669 poetas,

305 3686 357 3746 An
372 3706 450 3763 quos
464 3695 497 3747 et
511 3706 659 3766 praesens
674 3694 707 3749 et
722 3697 849 3767 postera
863 3696 990 3768 respuat
1005 3690 1118 3761 aetas?

306 3783 386 3844 ‘Iste
401 3785 528 3863 quidem
543 3793 667 3846 veteres
682 3786 765 3846 inter
780 3793 915 3864 ponetur
927 3785 1065 3861 honeste,

304 3880 363 3951 Qui
379 3881 429 3941 vel
440 3882 547 3942 mense
556 3873 650 3942 brevi
665 3882 715 3941 vel
731 3889 799 3942 toto
813 3891 862 3942 est
877 3883 981 3942 iunior
995 3883 1096 3943 anno!

305 3978 387 4039 Utor
401 3978 563 4056 permisso,
574 3981 755 4059 caudaeque
771 3979 852 4057 pilos
868 3986 904 4038 ut
918 3980 1049 4056 equinae

303 4074 476 4135 Paullatim
491 4074 583 4151 vello,
599 4083 631 4136 et
646 4077 738 4137 demo
752 4096 858 4159 unum,
874 4077 967 4136 demo
982 4077 1076 4136 etiam
1092 4096 1190 4137 unum

303 4161 387 4231 Dri‘m
401 4173 493 4244 cadat
507 4173 615 4234 elusus
630 4174 752 4234 ratione
766 4168 888 4234 'ruentis
904 4174 1016 4249 acervi,
1052 4238 1079 4270 a,

301 4268 363 4343 Qui
377 4268 483 4329 redit
475 4289 508 4329 rn
523 4247 638 4331 fastos
636 4278 668 4331 et
679 4271 830 4331 virtutem
846 4273 995 4332 aestimat
1003 4271 1102 4352 annis

210 4376 220 4401 ι
301 4364 499 4459 Miraturque
513 4367 595 4428 nibil
609 4368 672 4429 nisi
663 4368 772 4447 quod
787 4368 929 4429 Libitina
944 4369 1089 4430 sacrarit
