3592 5067
75 172 1198 494 w

357 880 420 984 'v.]
484 875 487 882 ¹
820 910 977 963 rinnai

369 1087 452 1149 Vina
466 1084 553 1147 bibes
568 1084 683 1144 iterum
697 1084 802 1143 Tauro
816 1082 1099 1162 diffusa‚palustris

368 1184 458 1245 Inter
471 1182 653 1242 Minturnas
668 1181 957 1258 Sinuessanumque
972 1180 1145 1241 Petrinum.

368 1282 402 1342 Si
416 1280 530 1341 melius
544 1278 622 1358 quid
638 1278 742 1352 habes,
758 1295 880 1338 arcesse
895 1278 945 1337 vel
960 1278 1127 1355 imperium
1141 1277 1198 1337 ier.

367 1377 557 1439 Iamdudum
572 1373 720 1453 splendet
733 1373 823 1435 focus
838 1380 871 1434 et
885 1374 945 1435 tibi
961 1375 1080 1435 munda
1093 1373 1244 1452 supellex„

367 1476 462 1536 Mitte
477 1473 558 1534 levis
573 1491 645 1550 spes
659 1478 692 1532 et
706 1472 881 1533 certamina
895 1471 1078 1532 divitiarum

366 1573 410 1632 Et
424 1570 548 1632 Moschi
565 1588 708 1631 causam:
730 1587 800 1629 cras
815 1575 891 1629 nato
907 1569 1038 1629 Caesare
1052 1569 1155 1629 festus

366 1669 431 1730 Dat
444 1668 570 1729 veniam
585 1684 793 1744 somnumque
807 1666 891 1741 dies;
915 1665 1044 1744 impune
1057 1665 1166 1726 licebit

365 1767 531 1828 Aestivam
547 1782 689 1826 sermone
703 1764 846 1841 benigno·
854 1763 983 1823 tendere
998 1770 1129 1823 noctem.

406 1864 474 1935 Quo
488 1862 567 1921 mihi
582 1862 753 1935 fortunam,
770 1861 797 1921 si
812 1880 876 1921 non
891 1859 1072 1920 conceditur
1086 1859 1160 1921 uti?

366 1962 484 2021 Parcus
499 1959 538 2019 ob
552 1958 676 2019 heredis
690 1976 798 2018 curam
813 1957 1010 2036 nimiumque
1024 1976 1151 2018 severus

365 2057 502 2118 Adsidet
517 2056 644 2117 insano:
667 2062 776 2134 potare
791 2062 824 2114 et
838 2072 985 2132 spargere
1000 2053 1090 2115 flores

366 2154 522 2232 Incipiam
536 2152 702 2231 patiarque
717 2152 768 2212 vel
784 2150 981 2212 inconsultus
996 2150 1112 2212 haberi.

365 2251 447 2322 Quid
462 2269 525 2311 non
540 2250 673 2311 ebrietas
689 2249 874 2326 dissignat?
917 2248 1035 2326 Operta
1049 2247 1192 2324 recludit,

366 2348 444 2427 Spes
458 2347 547 2408 iubet
560 2365 628 2408 esse
643 2354 737 2421 ratas,
754 2346 793 2406 ad
809 2345 929 2424 proelia
942 2346 1043 2405 trudit
1057 2345 1199 2420 inertem,

366 2445 518 2506 Sollicitis
533 2445 648 2505 animis
663 2462 742 2503 onus
757 2444 880 2517 eximit,
895 2443 1028 2502 addocet
1042 2444 1128 2504 artis.

365 2541 504 2602 Facundi
519 2542 633 2602 calices
647 2560 741 2619 quem
757 2560 818 2599 nou
835 2541 937 2600 fecere
953 2539 1115 2615 disertum,

365 2638 535 2700 Contracta
548 2656 641 2717 quem
657 2658 718 2698 non
735 2637 769 2696 in
783 2644 968 2717 paupertate
984 2636 1148 2697 solutum?

405 2735 494 2795 Haec
508 2752 566 2811 ego
581 2752 747 2812 procurare
762 2743 794 2793 et
809 2734 941 2794 idoneus
956 2734 1091 2810 imperor
1105 2739 1137 2794 et
1150 2751 1214 2793 non

365 2831 501 2906 Invitus,
517 2850 556 2891 ne
570 2838 662 2909 turpe
677 2829 769 2904 toral,
785 2848 823 2890 ne
839 2830 967 2891 sordida
980 2848 1096 2908 mappa

365 2929 524 3003 Conruget
538 2928 633 3001 naris,
649 2946 688 2988 ne
703 2946 765 2987 non
780 2934 812 2987 et
826 2927 997 2987 cantharus
1011 2933 1043 2986 et
1057 2927 1133 2986 lanx

365 3025 521 3087 Ostendat
536 3025 593 3085 tibi
608 3030 650 3100 tc,
666 3042 705 3083 ne
720 3023 799 3084 fidos
815 3023 899 3083 inter
913 3026 1028 3084 amicos

365 3121 415 3183 Sit
429 3121 484 3200 qui
499 3122 586 3181 dicta
599 3121 685 3182 foras
700 3121 854 3196 eliminet,
870 3126 906 3180 ut
920 3126 1008 3181 coeat
1023 3139 1079 3198 par

364 3218 581 3297 Iungaturque
596 3219 673 3297 pari.
716 3218 847 3278 Butram
864 3218 923 3277 tibi
938 3218 1173 3296 Septiciumque

365 3316 409 3376 Et
422 3317 484 3376 nisi
499 3334 576 3376 cena
591 3316 674 3393 prior
689 3315 855 3393 potiorque
870 3313 976 3394 puella
991 3314 1142 3374 Sabinum

365 3412 495 3473 Detinet
509 3414 680 3473 adsumam.
725 3413 826 3473 Locus
842 3419 937 3472 estet
952 3411 1094 3490 pluribus
1108 3411 1238 3487 umbris,

366 3508 428 3570 Sed
442 3510 537 3570 nimis
552 3516 621 3570 arta
635 3515 784 3587 premunt
797 3509 900 3569 olidae
915 3509 1060 3572 convivia
1073 3505 1194 3587 cap'rae.

364 3606 414 3666 Tu
428 3613 542 3684 quotus
558 3624 627 3667 esse
642 3606 721 3666 velis
736 3607 871 3667 rescribe
885 3614 918 3666 et
932 3607 1024 3666 rebus
1038 3605 1162 3667 omissis

364 3703 458 3763 Atria
472 3708 649 3763 servantem
665 3704 786 3781 postico
801 3703 878 3763 falle
892 3702 1050 3762 clientem.
