3592 5067
374 886 417 951 98
769 896 1034 950 srmrumaun

412 1071 486 1131 Non
501 1089 564 1149 quo
577 1090 662 1132 more
677 1071 756 1150 piris
771 1071 855 1133 vesci
871 1069 1003 1132 Calaber
1017 1069 1106 1131 iubet
1120 1069 1233 1149 hospes

372 1170 421 1229 Tu
436 1187 485 1229 me
500 1168 605 1230 fecisti
620 1169 818 1248 locupletem.
862 1169 1024 1243 ‘Vescera
1041 1168 1152 1228 sodes!
1402 1177 1431 1224 15

373 1267 460 1327 ‘Iam
475 1267 553 1327 satis
568 1267 636 1328 est!
679 1268 741 1327 ‘At
756 1275 792 1328 tu
806 1271 960 1345 quantum
976 1266 1024 1325 vis
1038 1264 1136 1327 tolle!
1179 1262 1356 1339 ‘Benigne'

373 1366 464 1425 ‘Non
477 1364 583 1426 invisa
597 1365 679 1426 feres
694 1365 801 1443 pueris
816 1362 1004 1424 munuscula
1017 1363 1143 1441 parvis!

373 1463 469 1523 ‘Tam
484 1469 592 1523 teneor
606 1462 697 1537 dono,
712 1480 806 1539 quam
822 1462 850 1522 si
864 1461 1010 1520 dimittar
1024 1460 1177 1520 onustus.²

372 1562 438 1622 ‘Ut
452 1559 531 1620 libet
539 1583 547 1635 ;
570 1561 646 1620 haec
660 1559 762 1638 porois
778 1558 872 1618 hodie
887 1557 1078 1618 comedenda
1091 1555 1269 1633 relinques!

371 1657 526 1734 Prodigus
540 1663 573 1717 et
588 1657 705 1717 stultus
720 1656 816 1718 donat
831 1674 912 1734 quae
926 1655 1048 1734 spernit
1063 1661 1095 1714 et
1109 1654 1192 1730 odit;

371 1754 461 1814 Haec
475 1771 563 1829 seges
579 1754 718 1831 ingratos
733 1754 809 1813 tulit
824 1759 857 1813 et
870 1753 954 1812 feret
967 1751 1112 1811 omnibus
1127 1750 1227 1810 annis.

371 1850 429 1909 Vir
442 1850 542 1910 bonus
557 1856 589 1910 et
603 1851 728 1928 sapiens
741 1850 845 1926 dignis
860 1850 907 1909 ait
921 1866 990 1910 esse
1005 1856 1143 1925 paratus,

370 1946 439 2006 Nec
453 1953 560 2006 tamen
574 1946 699 2022 ignorat
712 1947 790 2023 quid
805 1947 926 2005 distent
940 1964 1013 2005 aera
1026 1945 1154 2023 lupinis.

371 2042 510 2120 Dignum
525 2043 691 2119 praestabo
705 2060 754 2102 me
769 2044 865 2102 etiam
880 2060 936 2119 pro
951 2041 1044 2102 laude
1058 2042 1217 2102 merentis.

273 2172 276 2181 ·
369 2139 460 2210 Quod
475 2139 502 2200 si
517 2157 567 2198 me
581 2139 669 2199 noles
686 2157 819 2216 usquam
835 2137 1004 2212 discedere,
1020 2138 1131 2199 reddes

370 2237 464 2297 Forte
479 2237 572 2309 latus,
587 2236 694 2312 nigros
708 2242 843 2311 augusta
856 2234 962 2294 fronte
977 2234 1118 2312 capillos,

370 2333 496 2395 Reddes
510 2332 601 2392 dulce
617 2331 711 2409 loqui,
727 2332 839 2392 reddes
855 2330 957 2391 ridere
971 2331 1118 2390 decorum
1132 2338 1165 2391 et

369 2430 457 2489 Inter
471 2429 547 2489 vina
561 2429 669 2505 fugam
685 2428 816 2489 Cinarae
832 2445 969 2487 maerere
984 2434 1156 2506 protervae.

409 2527 504 2586 Forte
518 2544 574 2604 per
589 2530 754 2600 angustam
770 2524 875 2584 tenuis
890 2522 1056 2601 volpecula
1068 2524 1180 2584 rimam

369 2624 524 2701 Repserat
538 2622 571 2681 in
586 2639 742 2681 cumeram
757 2620 920 2693 frumenti,
936 2627 1088 2698 pastaque
1103 2640 1210 2682 rursus

369 2720 421 2779 Ire
435 2720 520 2779 foras
535 2716 629 2795 pleno
642 2718 792 2778 tendebat
806 2734 935 2794 corpore
950 2716 1077 2777 frustra.

369 2816 427 2877 Oui
442 2815 577 2875 mustela
591 2814 699 2893 procul
714 2814 766 2875 ‘Si
782 2815 849 2888 vis‚'
864 2814 921 2888 ait,
937 2814 1092 2890 ‘effugere
1107 2814 1210 2890 istinc,

369 2914 477 2972 Macra
490 2930 601 2971 cavum
617 2917 738 2989 repetes
753 2919 865 2985 artum,
882 2928 973 2986 quem
989 2930 1095 2971 maora
1108 2910 1241 2972 subisti!

369 3010 439 3069 Hac
453 3026 511 3087 ego
524 3009 553 3069 si
566 3007 736 3085 compellor
751 3008 897 3084 imagine,
913 3013 1026 3067 cuncta
1039 3008 1179 3084 resigno,

367 3106 436 3166 Nec
451 3123 593 3166 somnum
607 3104 709 3182 plebis
724 3104 819 3164 laudo
834 3110 923 3165 satur
938 3103 1076 3163 altilium
1090 3122 1148 3165 neo

368 3200 443 3262 Otia
456 3201 578 3261 divitiis
594 3201 732 3269 Arabum
748 3200 910 3261 liberrima
924 3207 1018 3260 muto.

368 3298 467 3377 Saepe
481 3298 690 3357 verecundum
705 3295 851 3370 laudasti,
868 3314 985 3374 rexque
1001 3304 1151 3375 paterque

249 3422 251 3426 ⁷
368 3394 497 3456 Audisti
512 3412 625 3468 coram,
640 3411 697 3453 nec
712 3395 806 3453 verbo
821 3394 946 3470 parcius
960 3394 1073 3454 absens
1082 3418 1090 3469 ;
1193 3452 1197 3458 .

368 3491 493 3569 Inspice
507 3490 534 3550 si
550 3510 676 3568 possum
699 3490 816 3551 donata
830 3507 978 3567 reponere
992 3490 1102 3551 laetus.

407 3588 504 3648 Haud
518 3587 599 3647 male
613 3588 828 3663 Telemachus,
845 3586 948 3665 proles
964 3588 1115 3666 patientis
1131 3589 1238 3651 Ulixi:

253 3683 255 3688 ’
281 3722 283 3726 1
368 3686 457 3745 ‘Non
472 3691 521 3745 est
535 3690 628 3761 aptus
642 3685 731 3762 equis
747 3685 856 3745 Ithace
871 3683 969 3758 locus,
984 3692 1020 3744 ut
1034 3704 1135 3763 neque
1150 3685 1253 3764 planis

366 3782 532 3842 Porrectus
547 3780 659 3857 spatiis
674 3800 731 3842 nec
745 3781 863 3841 inultae
878 3782 1028 3859 prodigus
1044 3781 1174 3858 herhae3

367 3878 488 3954 Atride,
503 3878 602 3953 magis
618 3885 692 3956 apta
707 3878 764 3938 tibi
780 3885 836 3938 tua
849 3877 932 3937 dona
947 3877 1141 3955 relinquam!

365 3976 502 4035 Parvum
518 3993 615 4053 parva
628 3976 755 4050 decent,
778 3975 856 4034 mihi
872 3975 935 4034 iam
950 3994 1013 4035 non
1028 3977 1115 4052 regia
1129 3976 1237 4049 Roma,

366 4071 427 4132 Sed
442 4089 572 4133 vacuum
589 4066 688 4131 Tibu’r
703 4071 806 4149 placet
820 4079 875 4131 aut
888 4072 1015 4132 imbelle
1031 4074 1210 4133 Tarentum.

406 4170 559 4230 Strenuus
573 4175 606 4228 et
620 4169 713 4229 fortis
729 4169 892 4247 causisque
907 4169 1077 4247 Philippus
1092 4171 1221 4246 agendis

365 4266 485 4343 Clarus,
500 4266 538 4327 ab
553 4266 662 4327 officiis
677 4273 819 4327 octavam
833 4267 959 4327 circiter
971 4266 1081 4327 horam
1100 4267 1103 4273 '
