3592 5067
378 917 471 985 xm]
527 975 530 980 ,
832 915 946 967 urana
970 914 991 968 1.

376 1090 542 1151 Nocturno
554 1095 674 1150 certare
689 1107 785 1164 mero,
802 1095 914 1168 putere
930 1088 1051 1150 diurno.

377 1186 487 1257 Quid?
529 1185 563 1247 si
578 1186 649 1264 quis
665 1186 754 1250 voltu
770 1194 860 1247 torvo
875 1187 963 1248 ferus
978 1193 1011 1248 et
1024 1186 1104 1264 pede
1117 1188 1204 1249 nudo

376 1284 581 1363 Exiguaeque
596 1290 687 1361 togae
702 1284 832 1346 simulet
846 1290 969 1345 textore
983 1283 1144 1359 Catonem,

376 1382 577 1443 Virtutemne
591 1389 807 1460 repraesentet
819 1400 987 1460 moresque
1001 1382 1157 1444 Catonis?

377 1479 479 1557 Rupit
492 1478 645 1539 Iarbitam
660 1479 843 1556 Timagenis
859 1479 983 1540 aemula
999 1480 1116 1557 lingua,

376 1577 460 1636 Dum
475 1577 582 1637 studet
596 1578 735 1637 urbanus
750 1578 918 1655 tenditque
933 1578 1069 1639 disertus
1085 1577 1202 1639 haberi.

376 1674 504 1753 Decipit
518 1674 680 1752 exemplar
696 1674 785 1734 vitiis
801 1674 965 1735 imitabile.
1009 1675 1139 1746 Quodsi

376 1770 532 1831 Pallerem
547 1789 631 1846 casu,
649 1771 794 1832 biberent
808 1790 968 1848 exsangue
982 1774 1150 1833 cuminum.

417 1868 443 1929 O
458 1868 642 1944 imitatores,
658 1887 785 1929 servum
800 1887 906 1947 pecus,
922 1876 958 1929 ut
972 1869 1051 1929 mihi
1066 1886 1159 1948 saepe

376 1964 488 2039 Bilem,
503 1984 594 2043 saepe
610 1965 712 2026 iocum
728 1968 825 2027 vestri
841 1985 966 2027 movere
981 1967 1150 2028 tumultus!

376 2061 489 2122 Libera
503 2081 558 2139 per
573 2081 705 2123 vacuum
721 2063 812 2140 posui
824 2064 960 2149 vestigia
975 2064 1130 2142 princeps,

374 2158 448 2218 Non
462 2158 566 2219 aliena
580 2177 649 2220 meo
664 2161 765 2239 pressi
781 2161 867 2238 pede.
912 2160 974 2231 Qui
989 2161 1049 2221 sibi
1065 2159 1150 2236 fidet,

375 2256 448 2315 Dur
463 2263 549 2331 reget
563 2275 703 2317 examen.
748 2258 858 2317 Parios
872 2275 931 2333 ego
947 2257 1066 2335 primns
1082 2256 1201 2320 iambos

271 2380 275 2389 ·
375 2351 506 2414 Ostendi
522 2353 622 2428 Latio,
638 2372 785 2415 numeros
800 2354 985 2432 animosque
999 2362 1126 2415 secutus

374 2449 567 2525 Archilochi,
583 2469 644 2511 non
661 2470 709 2512 res
721 2459 753 2512 et
768 2453 895 2526 agentia
911 2451 1007 2511 verba
1022 2452 1208 2531 Lycamben.

373 2545 420 2606 Ac
432 2565 471 2607 ne
482 2567 531 2608 me
542 2547 630 2608 foliis
642 2548 712 2608 ideo
728 2540 925 2608 brevioribus
941 2566 1041 2621 ornes,

373 2640 463 2711 Quod
478 2642 571 2702 timui
585 2650 707 2704 mutare
722 2645 831 2704 modos
845 2653 877 2704 et
891 2645 1041 2704 carminis
1054 2651 1164 2721 artem,

373 2738 541 2815 Temperat
556 2738 738 2800 Archilochi
755 2758 875 2800 musam
891 2741 971 2818 pede
986 2741 1125 2801 mascula
1139 2742 1274 2822 Sappho,

372 2832 541 2912 Temperat
555 2835 700 2910 Alcaeus,
716 2837 771 2896 sed
787 2837 879 2897 rebus
894 2844 927 2896 et
941 2837 1050 2897 ordine
1065 2837 1182 2916 dispar,

371 2929 439 2990 Nec
453 2949 504 2991 soc
608 2932 741 3009 quaerit,
757 2952 850 3010 quem
866 2933 1008 2993 versibus
1023 2934 1144 2994 oblinat
1157 2938 1245 3012 atris,

370 3026 401 3085 N
404 3044 438 3086 ec
453 3046 509 3105 spo
548 3046 584 3087 ae
599 3027 744 3105 laqueum
758 3029 879 3089 famoso
893 3033 1030 3089 carmine
1045 3033 1151 3090 nectit

371 3123 466 3183 Hunc
480 3141 546 3199 ego,
562 3123 625 3183 noir
638 3123 701 3184 alio
716 3124 835 3185 dictum
851 3126 941 3203 prius
954 3144 1016 3200 ore,
1032 3128 1166 3189 Latinus

370 3219 503 3296 Volgavi
518 3221 639 3281 fidicen.
683 3223 778 3282 Iuvat
790 3222 1008 3283 immemorata
1023 3223 1175 3284 ferentem

369 3316 520 3393 Ingenuis
536 3317 696 3396 oculisque
711 3317 772 3395 legi
788 3320 995 3397 manibusque
1010 3324 1119 3381 teneri.

409 3414 495 3474 Scire
511 3414 599 3490 velis,
614 3433 685 3474 mea
699 3434 754 3475 cur
769 3415 911 3492 ingratus
926 3418 1077 3494 opuscula
1091 3417 1190 3480 lector

369 3510 492 3572 Laudet
506 3521 651 3589 ametque
666 3513 761 3587 domi,
777 3520 899 3591 premat
914 3520 1004 3574 extra
1019 3513 1115 3575 limen
1129 3516 1274 3596 iniquus:

270 3630 274 3638 ·
367 3609 440 3669 Non
455 3628 513 3686 ego
525 3617 671 3670 ventosae
686 3609 788 3688 plebis
803 3610 955 3686 suffragia
968 3630 1065 3672 venor

367 3706 525 3785 impensis
540 3725 686 3767 cenarum
701 3715 733 3768 et
747 3708 841 3767 tritae
855 3727 985 3769 munere
1001 3709 1113 3785 vestis3

366 3802 439 3863 Non
454 3822 519 3879 ego,
535 3804 687 3864 nobilium
702 3806 889 3882 scriptorum
906 3805 1030 3865 auditor
1044 3813 1076 3866 et
1090 3806 1184 3884 ultor,

367 3899 595 3962 Grammaticus
610 3901 728 3982 ambire
744 3902 845 3962 tribus
861 3909 892 3962 et
906 3902 1032 3980 pulpita
1045 3904 1166 3980 dignor.

366 3997 451 4057 Hinc
466 3997 540 4058 illae
555 3998 709 4058 lacrimae.
755 3999 890 4077 ‘Spissis
907 3999 1038 4077 indigna
1052 4000 1195 4079 theatris,

365 4092 490 4171 Scripta
504 4096 601 4172 pudet
615 4097 746 4155 recitare
761 4102 793 4156 et
808 4097 900 4172 nugis
915 4097 1028 4157 addere
1044 4100 1185 4176 pondus’

364 4190 398 4250 Si
413 4192 490 4266 dlxi,
506 4192 639 4252 ‘Rides'
654 4193 709 4267 ait,
726 4199 775 4252 ‘et
790 4193 875 4254 lovis
890 4193 1017 4255 auribus
1032 4198 1094 4256 ista

364 4287 495 4365 terras,
518 4288 589 4350 fidis
604 4290 698 4365 euim,
714 4308 840 4350 manare
854 4292 978 4369 poetica
991 4292 1087 4353 mella
