3592 5067
387 899 481 965 x1v.]
837 895 950 945 urnas
973 895 995 946 1.

385 1072 446 1136 Oui
460 1072 564 1151 placet
577 1068 718 1145 alterius,
733 1087 791 1131 sua
804 1068 956 1130 nimirum
972 1076 1021 1131 est
1036 1069 1108 1131 odio
1122 1089 1198 1133 sors.

385 1169 510 1231 Stultus
524 1175 657 1246 uterque
671 1165 774 1227 locum
789 1166 984 1227 immeritum
999 1173 1145 1227 causatur
1160 1167 1284 1246 inique:

383 1266 424 1326 In
438 1266 532 1344 culpa
545 1270 594 1325 est
607 1263 743 1338 animus,
758 1264 813 1342 qui
829 1282 863 1324 se
878 1283 942 1324 non
957 1264 1070 1340 effugit
1084 1281 1241 1342 umquam.

423 1364 473 1424 Tu
488 1359 697 1422 mediastinus
711 1360 811 1421 tacita
824 1379 916 1439 prece
932 1379 1005 1421 rura
1020 1362 1156 1439 petebas,

382 1461 477 1521 Nunc
491 1459 599 1520 urbem
615 1465 647 1519 et
661 1456 752 1519 ludos
767 1463 799 1518 et
813 1457 927 1518 balnea
941 1457 1055 1519 vilicus
1070 1465 1168 1538 optas.

382 1557 437 1618 Me
450 1563 593 1618 constare
608 1555 687 1615 mihi
703 1554 764 1616 sois
776 1562 808 1616 et
821 1554 984 1616 discedere
998 1554 1133 1631 tristem,
1204 1584 1206 1586 ·

382 1653 648 1731 Quandocumque
662 1652 794 1712 trahunt
808 1653 915 1713 invisa
928 1653 1057 1729 negotia
1071 1653 1212 1713 Romam.

381 1751 455 1811 Non
470 1751 578 1811 eadem
591 1749 760 1826 miramur3
783 1768 820 1811 eo
834 1750 1036 1811 disconvenit
1048 1749 1131 1810 inter

381 1848 496 1925 Meque
511 1853 544 1908 et
556 1853 606 1924 te,
629 1866 702 1907 nam
717 1866 797 1925 quae
811 1847 938 1908 deserta
952 1853 984 1907 et
998 1846 1160 1926 inhospita
1174 1854 1286 1933 tesqqa

381 1944 501 2019 Credis,
516 1950 648 2005 amoena
662 1950 753 2004 vocat
767 1962 889 2005 mecum
905 1944 960 2021 qui
975 1945 1082 2020 sentit,
1097 1952 1130 2004 et
1145 1944 1213 2005 odit

380 2040 465 2112 Quae
479 2047 515 2101 tu
529 2040 662 2118 pulchra
675 2048 777 2120 putas.
820 2041 940 2101 Fornix
954 2041 1014 2101 tibi
1028 2048 1061 2101 et
1074 2048 1170 2102 uncta
1183 2042 1301 2121 popina

379 2136 547 2198 Incutiunt
561 2137 647 2198 urbis
662 2137 864 2214 desiderium,
880 2138 982 2214 video,
997 2145 1030 2198 et
1044 2137 1127 2216 quod

379 2234 526 2312 Angulus
541 2234 601 2296 iste
616 2235 699 2296 feret
712 2236 802 2314 piper
816 2242 849 2296 et
864 2242 917 2296 tus
932 2236 1019 2295 ocius
1034 2253 1103 2312 uva,

378 2332 447 2392 Nec
461 2332 566 2393 vicina
580 2333 688 2393 subest
702 2333 811 2392 vinum
826 2332 975 2410 praebere
990 2332 1119 2393 taberna

378 2428 463 2500 Quae
478 2429 580 2507 possit
594 2429 663 2504 tibi,
678 2448 736 2490 neo
749 2430 900 2490 meretrix
914 2430 1055 2507 tibicina,
1070 2429 1159 2491 cuius

377 2525 431 2586 Ad
445 2527 614 2604 strepitum
630 2527 725 2588 salias
740 2534 841 2587 terrae
857 2527 983 2605 gravis,
1005 2535 1036 2588 et
1052 2534 1157 2587 tamen
1171 2546 1265 2604 urges

378 2622 571 2701 Iampridem
585 2643 648 2683 non
663 2630 748 2684 tacta
762 2624 921 2701 ligonibus
936 2643 1012 2684 arva
1026 2624 1197 2701 bovemque

376 2717 578 2780 Disiunctum
593 2738 683 2781 curas
699 2728 731 2780 et
745 2721 867 2780 strictis
882 2721 1050 2781 frondibus
1065 2720 1173 2798 exples
1182 2743 1191 2797 ;

376 2814 478 2876 Addit
492 2834 570 2893 opus
585 2816 676 2894 pigro
689 2817 786 2890 rivus,
802 2816 829 2877 si
844 2816 965 2877 decidit
980 2818 1088 2891 imber,

375 2911 480 2973 Multa
493 2911 575 2972 mole
589 2912 748 2973 docendus
763 2913 870 2992 aprico
885 2932 1012 2991 parcere
1027 2922 1124 2991 prato.

414 3008 508 3069 Nunc
523 3027 588 3085 age,
603 3008 681 3086 quid
695 3017 838 3070 nostrum
853 3017 1041 3091 oopcentum
1055 3010 1179 3071 dividat
1192 3011 1275 3071 audi.

374 3105 473 3177 Quem
488 3111 598 3166 tenues
612 3106 744 3167 decuere
757 3113 848 3182 togae
862 3107 1022 3184 nitidique
1036 3108 1154 3186 capilli,

372 3202 472 3273 Quem
486 3203 548 3263 scis
563 3202 734 3263 immunem
750 3204 883 3266 Cinarae
898 3203 1056 3282 placuisse
1070 3203 1184 3282 rapaci,

372 3297 471 3370 Quem
485 3299 627 3360 bibulum
642 3299 757 3378 liquidi
772 3300 877 3361 media
890 3300 931 3361 dc
946 3300 1015 3361 luce
1029 3300 1165 3376 Falerni,

371 3395 457 3457 Cena
471 3396 574 3456 brevis
589 3396 678 3457 iuvat
692 3404 724 3457 et
738 3416 836 3476 prope
849 3397 954 3457 rivum
970 3416 1099 3458 somnus
1114 3397 1147 3457 in
1162 3399 1266 3460 herba

340 3559 342 3563 Α
370 3491 568 3563 Neclusisse
582 3493 688 3571 pudet,
704 3494 759 3555 sed
773 3513 835 3554 non
851 3494 990 3555 incidere
1006 3493 1123 3554 ludum.

369 3588 402 3648 N
403 3607 444 3649 on
459 3589 532 3650 istic
547 3589 676 3668 obliquo
690 3590 779 3651 oculo
794 3609 864 3651 mea
877 3592 1042 3651 commoda
1055 3592 1221 3670 quisquam

350 3758 354 3765 ι
369 3684 485 3760 Limat,
500 3705 562 3746 non
579 3686 651 3747 odio
666 3687 797 3748 obscuro
811 3707 981 3766 morsuque
996 3695 1147 3765 venenat;

369 3780 489 3843 Rident
504 3783 601 3843 vicini
615 3784 742 3860 glaebas
757 3792 789 3844 et
803 3803 882 3845 saxa
895 3792 1082 3845 moventem.

368 3878 448 3941 Cum
463 3880 564 3940 servis
578 3881 698 3941 urbana
711 3882 813 3942 diaria
827 3883 936 3942 rodere
951 3884 1070 3957 mavis3

368 3974 491 4035 Horum
507 3977 589 4036 tuin
604 3996 768 4038 numerum
784 3974 859 4040 vbto
873 3981 940 4040 ruis
952 4002 959 4053 3
982 3979 1106 4040 invidet
1119 3999 1211 4042 usum

366 4072 540 4149 Lignorum
555 4081 587 4135 et
601 4075 722 4153 pecoris
737 4076 797 4136 tibi
811 4076 879 4137 calo
893 4084 1025 4168 argutus
1041 4085 1072 4138 et
1086 4078 1179 4138 horti.

367 4168 465 4248 Optat
479 4171 631 4249 ephippia
645 4173 701 4233 bos
716 4173 814 4251 piger,
830 4180 920 4252 optat
936 4160 1024 4235 arar'e
1038 4176 1187 4237 caballus.

343 4320 345 4323 .
365 4265 464 4338 Quam
479 4269 540 4328 scit
554 4275 694 4347 uterque,
709 4270 820 4344 libens,
837 4272 977 4346 censebo,
994 4279 1135 4333 exerceat
1148 4279 1257 4334 artem:
