3592 5067
377 880 427 947 n]
820 875 932 926 mana
954 874 991 925 11.

375 1053 454 1114 Post
468 1050 545 1113 haec
561 1048 617 1110 ille
630 1054 732 1125 catus,
746 1048 953 1127 quantumvis
968 1048 1105 1111 rusticus
1121 1049 1213 1127 ‘Ibit

375 1150 441 1210 ibit
455 1167 499 1225 eo,
515 1166 578 1227 quo
592 1146 652 1222 vis,
664 1146 720 1224 qui
736 1165 845 1206 zonam
860 1145 1017 1224 perdidit'
1032 1146 1147 1224 inquit.

415 1248 534 1307 Romae
548 1243 665 1304 nutriri
680 1242 761 1303 mihi
775 1242 909 1320 contigit
924 1250 1019 1321 atque
1033 1244 1147 1321 doceri,

374 1346 480 1405 Iratus
495 1341 590 1405 Grais
605 1341 934 1419 quantumnocuisset
948 1340 1099 1403 Achilles.

373 1434 526 1513 Adiecere
540 1440 639 1500 bonae
654 1438 749 1517 paulo
764 1437 836 1516 plus
847 1438 926 1499 artis
941 1437 1095 1515 Athenae,

373 1530 503 1601 Scilicet
516 1544 553 1598 ut
567 1536 682 1597 vellem
696 1554 794 1596 curvo
807 1535 970 1597 dinoscere
984 1543 1103 1596 rectum

373 1637 480 1715 Atque
494 1636 578 1695 inter
592 1633 690 1695 silvas
704 1632 857 1693 Academi
871 1651 1020 1711 quaerere
1034 1651 1152 1694 verum

372 1735 461 1794 Dura
474 1734 529 1794 sed
545 1749 687 1792 emovere
702 1729 770 1790 loco
784 1750 835 1791 me
849 1736 992 1812 tempora
1006 1737 1103 1807 grato,

372 1829 548 1908 Civilisque
562 1830 672 1889 rudem
686 1827 762 1888 belli
777 1827 854 1888 tulit
868 1834 974 1888 aestus
988 1827 1021 1886 in
1036 1846 1131 1903 arma,

372 1926 516 1988 Caesaris
531 1925 670 2002 Augusti
685 1943 749 1984 non
763 1942 952 2003 responsura
966 1924 1101 1986 lacertis.

372 2024 466 2087 Unde
482 2022 577 2084 simul
592 2022 730 2100 primum
745 2040 795 2081 me
810 2021 960 2082 dimisere
975 2021 1129 2101 Philippi,

371 2120 494 2182 Deoisis
508 2119 661 2179 humilem
676 2118 785 2197 pinnis
799 2118 988 2197 inopemque
1003 2118 1127 2197 paterni

370 2218 413 2277 Et
428 2217 504 2278 laris
518 2224 551 2277 et
565 2216 658 2276 fundi
673 2217 849 2294 Paupertas
864 2214 1001 2294 impulit,
1016 2215 1120 2276 audax

371 2317 419 2378 Ut
433 2333 543 2375 versus
557 2315 703 2375 iacerem.
747 2313 808 2374 Sed
823 2313 908 2391 quod
922 2331 985 2372 non
999 2313 1082 2374 desit
1095 2313 1262 2376 habentem

311 2442 313 2447 ·
370 2412 455 2481 Quian
470 2418 618 2491 poterunt
633 2429 784 2488 umquam
799 2410 878 2471 satis
893 2428 1066 2488 expurgare
1080 2411 1211 2488 cicutae,

369 2508 414 2571 Ni
428 2509 542 2569 melius
556 2507 695 2567 dormire
708 2516 816 2585 putem
833 2525 928 2585 quam
943 2507 1079 2568 scribere
1094 2512 1230 2569 versus?

411 2605 542 2681 Singula
556 2604 594 2664 de
610 2604 701 2665 nobis
716 2603 791 2663 anni
806 2604 999 2682 praedantur
1013 2611 1143 2679 euntes:

303 2761 306 2767 ,
370 2700 522 2779 Eripuere
535 2701 628 2774 iocos,
644 2700 809 2774 Venerem,
823 2700 978 2774 convivia,
994 2699 1120 2776 ludum;

325 2869 328 2873 Α
369 2797 518 2857 Tendunt
532 2802 720 2873 extorquere
734 2802 879 2873 poemata
887 2819 899 2871 ;7
917 2795 995 2874 quid
1008 2796 1125 2856 faciam
1139 2798 1216 2859 vis?

409 2892 554 2971 Denique
568 2911 631 2951 non
647 2910 755 2952 omnes
770 2893 879 2951 eadem
893 2892 1049 2952 mirantur
1062 2900 1248 2972 amantque:

369 2989 516 3050 Carmine
529 2994 566 3048 tu
580 2988 707 3065 gaudes,
722 2988 775 3048 hic
790 2987 965 3048 delectatur
980 2988 1103 3065 iambis,

368 3084 430 3146 llle
444 3086 572 3146 Bioneis
587 3083 783 3145 sermonibus
798 3090 831 3143 et
844 3084 911 3145 sale
925 3085 1022 3161 nigro.
1400 3103 1430 3150 ω

368 3184 445 3244 Tres
460 3182 539 3241 mihi
554 3182 706 3243 convivae
720 3199 817 3259 prope
832 3181 1002 3241 dissentire
1016 3182 1171 3258 videntur,

367 3279 537 3340 Poscentes
552 3278 640 3339 vario
654 3274 930 3338 multumdiversa
943 3277 1057 3356 palato.

366 3376 449 3446 Quid
463 3376 563 3436 dem?
604 3375 686 3445 Quid
701 3393 763 3434 non
779 3374 877 3434 dem?
921 3376 1039 3437 Renuis
1054 3382 1099 3451 tu,
1115 3378 1198 3455 quod
1213 3378 1301 3439 iubet
1315 3380 1412 3458 alter3

366 3472 456 3543 Quod
470 3472 563 3551 petis,
578 3472 611 3531 id
626 3490 701 3533 sane
715 3478 764 3531 est
778 3472 918 3532 invisum
932 3471 1119 3550 acidumque
1133 3473 1263 3536 duobus.

407 3570 536 3629 Praeter
551 3575 653 3629 cetera
667 3586 717 3628 me
731 3569 890 3628 Romaene
905 3576 1050 3647 poemata
1063 3588 1171 3632 censes
1397 3589 1427 3634 es

366 3666 508 3727 Scribere
522 3684 614 3744 posse
628 3665 711 3725 inter
726 3671 774 3725 tot
789 3683 879 3726 curas
893 3671 1003 3743 totque
1018 3666 1166 3729 labores?

365 3763 429 3823 Hie
444 3781 593 3842 sponsum
609 3768 708 3838 vocat,
724 3761 776 3822 bic
790 3762 934 3822 auditum
950 3763 1076 3842 scripta,
1092 3764 1212 3826 relictis

366 3859 518 3921 Omnibus
533 3859 659 3935 officiis3
681 3858 775 3920 cubat
790 3859 842 3921 bio
856 3860 890 3919 in
904 3860 983 3920 colle
998 3861 1130 3937 Quirini,

365 3957 429 4018 Hic
444 3966 584 4017 extremo
598 3956 631 4015 in
647 3955 817 4032 Aventino,
833 3957 983 4018 visendus
997 3967 1145 4038 uterque:

365 4053 540 4115 Intervalla
554 4054 643 4114 vides
658 4053 794 4114 humane
808 4056 979 4116 commoda,
1024 4057 1157 4117 ‘Verum
1393 4076 1424 4123 to

364 4151 466 4211 Purae
480 4157 554 4212 sunt
568 4151 701 4229 plateae,
716 4150 799 4211 nihil
814 4157 849 4211 ut
864 4152 1090 4216 meditantibus
1105 4156 1230 4217 obstet’

365 4243 509 4312 Festinat
522 4247 644 4309 calidus
658 4247 754 4309 mulis
768 4248 948 4329 gerulisque
963 4251 1150 4331 redemptor,
