3592 5067
377 897 419 961 54
802 911 1007 964 suanorum

376 1084 520 1161 Excepto
535 1085 687 1161 sapiente,
703 1091 797 1145 tenet.

839 1184 872 1244 N
874 1204 934 1245 unc
948 1185 1063 1264 accipe,
1080 1205 1175 1263 quare

375 1279 545 1358 Desipiant
560 1299 667 1342 omnes
681 1300 779 1360 aeque
794 1289 889 1356 actu,
906 1283 961 1360 qui
976 1283 1035 1342 tibi
1050 1302 1163 1342 nomen

376 1378 493 1437 Insano
508 1396 648 1457 posuere.
693 1378 791 1438 Velut
805 1379 906 1454 silvis,
922 1379 975 1439 ubi
992 1381 1108 1457 passim
1176 1382 1179 1387 '

376 1476 519 1537 Palantia
535 1495 621 1535 error
636 1484 721 1536 certo
736 1476 774 1536 de
789 1477 916 1536 tramite
932 1476 1032 1554 pellit,

374 1572 435 1632 Ille
450 1576 678 1648 sinistrorsum,
694 1574 745 1633 hic
760 1574 958 1633 dextrorsum
973 1575 1049 1648 abit,
1066 1594 1146 1635 unus
1161 1574 1287 1652 utrique

373 1670 479 1746 Error,
495 1670 551 1730 sed
567 1671 664 1731 variis
678 1671 796 1730 inludit
811 1671 972 1748 partibus3
995 1671 1052 1731 hoc
1068 1679 1099 1731 te

374 1767 473 1827 Crede
489 1769 581 1827 modo
597 1768 752 1843 insanum,
768 1768 871 1827 nihilo
886 1776 922 1827 111
936 1769 1109 1846 sapientior
1123 1768 1187 1842 ille,

373 1863 433 1933 Qui
448 1871 480 1922 te
495 1864 627 1938 deridet,
643 1865 775 1924 caudam
791 1864 905 1924 trahat.
950 1866 1008 1924 Est
1022 1869 1119 1940 genus
1136 1885 1230 1924 unum

343 1973 347 1979 '
373 1960 536 2020 Stultitiae
552 1960 689 2020 nihilum
704 1961 874 2020 metuenda
889 1962 1040 2036 timentis,
1056 1969 1092 2021 ut
1107 1963 1198 2037 ignis,

375 2057 420 2117 Ut
434 2074 528 2133 rupes
544 2056 719 2134 fluviosque
735 2057 767 2115 in
782 2075 892 2134 campo
907 2059 1031 2117 obstare
1046 2066 1202 2135 queratur.

373 2152 517 2211 Alterum
532 2160 565 2211 et
580 2152 653 2226 huio
669 2171 777 2212 varum
793 2161 826 2212 et
840 2154 942 2212 nihilo
956 2155 1132 2231 sapientius
1148 2155 1230 2229 ignis

372 2250 432 2308 Per
447 2251 567 2308 medios
583 2249 758 2326 fluviosque
774 2251 911 2309 ruentis:
934 2249 1049 2309 clamet
1063 2252 1164 2309 amica

371 2347 484 2419 Mater,
502 2346 634 2405 honesta
648 2364 735 2405 soror
749 2364 819 2404 cunr
835 2346 987 2420 cognatis,
1004 2353 1101 2423 pater,
1116 2364 1194 2404 uxor

371 2442 453 2501 ‘Hic
469 2442 555 2501 fossa
570 2449 619 2501 est
634 2445 754 2518 ingens,
770 2442 821 2501 hic
836 2459 930 2519 rupes
945 2442 1097 2500 maxima:
1120 2442 1245 2501 servai'

369 2538 399 2597 N
402 2557 442 2597 on
457 2541 558 2613 magis
573 2538 719 2612 audierit,
734 2556 826 2614 quam
844 2537 953 2597 Fufius
968 2538 1072 2597 ebrius
1088 2538 1173 2612 olim,

370 2634 447 2694 Cum
465 2634 600 2694 Ilionam
617 2634 760 2709 edormit,
777 2634 918 2694 Catienis
934 2634 1021 2693 mille
1036 2634 1178 2694 ducentis

369 2732 500 2804 ‘Mater,
516 2739 547 2790 tc
563 2730 706 2808 appello?
720 2729 938 2791 clamantibus.
982 2731 1067 2790 Huic
1081 2749 1139 2806 ego
1154 2730 1264 2807 volgus
1337 2731 1340 2735 ’

368 2827 475 2886 Ε11ο11
492 2826 628 2887 similem
643 2835 790 2886 cunctum
808 2828 947 2886 insanire
962 2827 1085 2887 docebo

368 2924 493 2984 Insanit
509 2931 630 2983 veteres
646 2930 768 2983 statuas
785 2924 997 3001 Damasippus
1012 2924 1159 2999 emend03

368 3021 495 3096 Integer
511 3029 559 3081 est
575 3020 690 3079 mentis
707 3021 893 3097 Damasippi
909 3021 1072 3079 creditor?
1114 3022 1199 3080 Esto.

367 3118 502 3195 ‘Accipe
519 3117 602 3194 quod
617 3135 788 3193 numquam
805 3117 918 3175 reddas
933 3117 1030 3175 mihi’
1045 3117 1072 3176 si
1088 3117 1146 3176 tibi
1162 3117 1273 3191 dicam,

367 3216 455 3274 Tune
471 3214 599 3273 insanus
615 3214 678 3272 eris
693 3213 720 3272 si
735 3213 917 3290 acceperis?
939 3232 978 3271 an
994 3213 1094 3289 magis
1109 3231 1226 3287 excors,

366 3311 498 3370 Reiecta
514 3311 629 3387 praeda
643 3328 737 3386 quam
747 3313 902 3386 'praesens
917 3311 1092 3369 Mercurius
1108 3310 1197 3369 fert?

366 3407 473 3467 Scribe
489 3407 595 3465 decem
611 3423 630 3465 a
644 3406 759 3480 Neri0;
784 3424 845 3465 nou
859 3413 909 3464 est
923 3406 1018 3465 satis:
1042 3406 1122 3464 adde
1137 3406 1266 3465 Cicutae

365 3504 485 3563 Nodosi
503 3501 627 3562 tabulas
642 3508 778 3576 centum,
794 3502 881 3561 mille
896 3502 977 3561 adde
992 3509 1135 3577 catenae,

366 3600 507 3677 Effugiet
523 3608 627 3659 tamen
643 3599 719 3658 haec
734 3600 905 3659 sceleratus
922 3598 1047 3658 vincula
1062 3599 1203 3659 Proteus.

365 3698 444 3758 Cum
460 3697 563 3774 rapies
579 3697 612 3755 111
628 3697 676 3756 ius
692 3696 785 3755 malis
801 3696 957 3754 ridentem
972 3695 1094 3769 alienis,

365 3797 436 3855 Fiet
451 3813 534 3872 aper,
551 3793 642 3852 modo
657 3792 734 3867 avis,
750 3792 842 3851 modo
858 3811 968 3852 saxum
984 3798 1025 3866 et,
1040 3811 1109 3851 oum
1126 3792 1219 3868 volet,
1235 3793 1333 3854 arbor.

365 3892 398 3952 Si
414 3891 497 3950 male
513 3909 576 3950 rem
593 3908 700 3966 gerere
715 3890 819 3949 insani
835 3895 891 3963 est,
907 3896 1017 3948 contra
1030 3889 1108 3949 bene
1123 3890 1201 3964 sani,

365 3988 514 4047 Putidius
530 3986 630 4046 multo
645 3987 804 4047 cerebrum
819 3993 876 4061 est,
893 3985 1085 4060 mihicrede,
1102 3986 1218 4046 Perelli

365 4087 534 4158 DistantiS,
551 4085 635 4162 quod
651 4091 686 4143 tu
700 4102 870 4161 numquam
887 4084 1057 4143 rescribere
1073 4083 1182 4161 possis.

406 4184 527 4242 Audire
542 4190 637 4258 atque
653 4187 756 4256 togam
772 4181 864 4240 iubeo
878 4197 1073 4258 componere,
1089 4180 1233 4259 quisquis

364 4280 550 4339 Ambitione
565 4277 649 4338 mala
662 4285 718 4338 aut
731 4278 855 4357 argenti
871 4276 971 4356 pallet
985 4296 1098 4352 amore,
