3592 5067
377 886 420 951 96
773 897 1037 951 nersruenruu

375 1070 418 1130 Et
433 1069 595 1131 dominum
609 1071 728 1133 fallunt
741 1077 774 1133 et
789 1078 921 1150 prosunt
935 1071 1067 1133 furibus.
1110 1072 1195 1148 Ergo

376 1168 410 1228 Si
425 1187 474 1229 res
490 1169 557 1231 sola
570 1174 676 1248 potest
689 1171 794 1231 facere
809 1176 841 1230 et
856 1187 979 1230 servare
993 1170 1130 1244 beatum,

376 1266 446 1326 Hoc
461 1267 581 1345 primus
597 1275 719 1347 repetas
734 1286 822 1347 opus,
836 1267 896 1327 hoe
911 1273 1087 1345 postremus
1099 1267 1236 1328 omittas.

416 1365 450 1425 Si
465 1365 662 1426 fortunatum
677 1365 797 1444 species
812 1370 844 1425 et
858 1365 961 1441 gratia
974 1372 1123 1444 praestat,

376 1464 551 1523 Mercemur
566 1482 700 1539 servum,
716 1465 770 1541 qui
786 1463 885 1523 dictet
895 1464 1031 1537 nomina,
1046 1463 1172 1523 laevum

374 1560 434 1629 Qui
450 1560 568 1622 fodicet
582 1560 666 1622 latus
681 1567 712 1621 et
727 1566 818 1637 cogat
832 1567 920 1622 trans
935 1561 1074 1639 pondera
1088 1561 1232 1621 dextram

374 1657 554 1734 Porrigere:
599 1659 677 1720 ‘Hic
692 1659 828 1719 multum
843 1658 876 1717 in
891 1658 990 1719 Fabia
1004 1658 1099 1734 valet,
1115 1658 1169 1718 ille
1184 1656 1312 1734 Veliua;

374 1753 433 1814 Cui
449 1754 526 1816 libet
539 1756 591 1817 hic
606 1756 702 1817 fascis
718 1757 815 1830 dabit,
832 1755 1007 1834 eripietque
1022 1754 1130 1815 curule

373 1850 433 1911 Cui
447 1852 532 1912 volet
546 1855 744 1932 importunus
760 1854 855 1913 ebur!
898 1853 1042 1913 ‘Frater'
1058 1852 1183 1929 ‘pater'
1198 1850 1295 1927 adde;

374 1949 421 2009 Ut
436 1948 546 2026 cuique
559 1956 608 2010 est
621 1956 717 2023 aetas,
732 1950 778 2010 ita
792 1967 948 2028 quemque
963 1950 1085 2009 facetus
1100 1948 1224 2025 adopta.

415 2045 448 2105 Si
463 2045 541 2107 bene
556 2047 611 2124 qui
626 2053 717 2106 cenat
731 2047 810 2106 bene
825 2045 915 2120 vivit,
930 2046 1023 2120 lucet,
1038 2063 1146 2105 eamus

372 2142 440 2213 Quo
454 2142 541 2202 ducit
555 2143 645 2218 gula;
667 2143 834 2220 precemur,
849 2160 1008 2216 venemur,
1024 2147 1060 2201 ut
1073 2140 1150 2200 olim

372 2238 543 2313 Gargilius,
558 2239 612 2315 qui
628 2256 718 2298 mane
733 2238 851 2316 plagas,
867 2237 1032 2319 an-qula,
1047 2254 1162 2310 servos,

371 2334 542 2395 Differtum
558 2336 692 2395 transire
706 2335 809 2393 forum
825 2334 1039 2411 populumque
1053 2332 1190 2407 iubebat,

373 2432 466 2492 Unus
481 2436 517 2489 ut
530 2448 547 2489 e
561 2431 671 2490 multis
687 2431 803 2507 populo
818 2436 980 2507 spectante
995 2430 1127 2489 referret

370 2527 522 2604 Emptum
537 2527 641 2585 mulus
656 2545 775 2605 aprum.
818 2526 916 2587 Crudi
931 2525 1108 2602 tumidique
1122 2524 1272 2600 lavemur,

370 2622 453 2692 Quid
468 2623 585 2698 deceat,
600 2623 676 2700 quid
692 2640 763 2697 non,
779 2621 878 2697 obliti,
894 2623 1018 2684 Caerite
1033 2640 1105 2682 cera

370 2718 477 2794 Digni,
493 2720 659 2795 remigium
675 2719 825 2780 vitiosum
840 2718 1018 2780 Ithacensis
1033 2718 1134 2794 Ulixi,

370 2815 430 2876 Cui
445 2814 547 2892 potior
561 2815 665 2893 patria
678 2815 741 2874 fuit
756 2815 926 2876 interdicta
939 2816 1094 2894 voluptas.

410 2910 454 2986 si,
470 2909 676 2971 Mimnermus
692 2910 739 2969 uti
754 2918 869 2985 censet,
886 2914 953 2972 sine
967 2930 1073 2972 amore
1086 2911 1226 2990 iocisque

368 3007 425 3068 Nil
437 3012 486 3067 est
500 3006 679 3082 iucundum,
695 3007 784 3068 vivas
799 3008 832 3066 in
847 3025 952 3067 amore
966 3008 1113 3086 iocisque.

408 3102 498 3177 Vive,
514 3103 592 3187 vale.
636 3104 670 3164 Si
685 3103 761 3181 quid
776 3103 892 3164 novisti
909 3103 1024 3165 rectius
1036 3103 1117 3179 istis,

369 3200 530 3261 Candidus
545 3201 691 3278 imperti,
713 3201 740 3261 si
754 3200 811 3277 nil,
827 3200 876 3261 his
890 3208 978 3261 utere
992 3218 1122 3260 mecum

857 3490 932 3550 VII.

652 3649 704 3700 AN
726 3649 988 3701 INDEPENDENT
1010 3647 1137 3701 smair.

690 3778 861 3826 Annussnu
879 3789 914 3826 ro
931 3776 1096 3826 Maecenas.

407 3904 435 3954 1.
461 3903 590 3957 ooeasion
602 3902 632 3957 oi
642 3905 690 3955 the
701 3902 823 3967 Epistle:
844 3902 949 3951 Horace
960 3900 1013 3951 irad
1025 3900 1076 3952 leit
1088 3901 1173 3952 Rome
1185 3901 1213 3950 in
1224 3901 1271 3952 the
1282 3903 1377 3953 mouth
1393 3902 1422 3952 ol

366 3981 474 4043 August
486 3980 539 4030 and
550 3993 619 4043 gone
631 3986 659 4028 to
674 3978 715 4028 his
729 3978 827 4029 Sabine
839 3977 921 4027 Farm
937 3991 972 4026 on
987 3983 1102 4028 account
1114 3977 1143 4027 oi
1156 3977 1198 4027 his
1212 3977 1310 4027 health.
1347 3978 1421 4027 Mae-

365 4069 446 4105 cenas
458 4055 511 4105 had
524 4053 658 4115 evidently
670 4053 752 4103 taken
769 4053 826 4101 him
844 4058 873 4103 to
890 4053 951 4103 tasls
967 4053 1011 4103 ior
1027 4053 1178 4116 remaining
1194 4052 1286 4116 longer
1303 4055 1369 4103 than
1387 4053 1421 4103 he

272 4176 275 4183 .
366 4130 419 4181 had
431 4130 575 4193 promised,
589 4128 642 4179 and
654 4127 707 4178 had
720 4129 835 4192 perhaps
845 4130 941 4180 hinted
953 4136 982 4180 at
994 4130 1123 4180 Horace’s
1136 4128 1298 4192 obligations
1309 4137 1337 4179 to
1353 4129 1416 4178 him,

365 4208 423 4256 The
435 4206 516 4255 iranlr
527 4205 728 4269 independence
739 4205 768 4257 ol
779 4206 825 4256 the
837 4208 926 4269 poet’s
938 4205 1016 4270 reply
1028 4206 1051 4256 ia
1062 4204 1208 4256 credltable
1223 4204 1293 4255 alilre
1309 4211 1337 4256 to
1351 4205 1421 4261 him-

365 4283 416 4334 sell
427 4281 480 4333 and
493 4282 690 4346 tohispatron.
1200 4301 1206 4306 ·
