3592 5067
472 873 514 937 64
895 884 1101 936 sunuouuu

472 1057 514 1117 Et
528 1055 650 1135 lapathi
666 1057 772 1119 brevis
786 1058 893 1133 herba,
910 1059 965 1119 sed
979 1058 1052 1119 albo
1065 1079 1127 1120 non
1144 1059 1212 1120 siue
1226 1058 1298 1120 Coo.

472 1153 607 1215 Lubrica
621 1162 786 1233 nascentes
801 1156 937 1235 implent
951 1156 1118 1235 conchylia
1131 1156 1242 1230 lunae3

471 1251 533 1312 Sed
547 1271 609 1311 non
624 1271 717 1313 omne
732 1261 880 1315 moreest
895 1272 1063 1330 generosae
1078 1253 1185 1315 fertile
1200 1260 1317 1314 testae:

471 1350 593 1409 Murice
608 1350 729 1411 Baiano
744 1350 854 1410 melior
868 1352 1006 1411 Lucrina
1019 1352 1147 1429 peloris,

415 1501 416 1505 ,
471 1446 583 1508 Ostrea
598 1447 726 1523 Circeis,
743 1448 867 1509 Miseno
881 1449 1025 1508 oriuntur
1040 1448 1156 1524 echini,

471 1544 654 1605 Pectiuibus
669 1545 789 1624 patulis
804 1546 903 1605 iactat
917 1564 950 1605 se
966 1546 1060 1607 molle
1075 1547 1257 1607 Tarentum.

510 1642 577 1701 Nec
593 1642 653 1702 sibi
669 1660 815 1702 cenarum
831 1643 936 1719 quivis
951 1649 1068 1703 temere
1083 1651 1207 1719 arroget
1221 1650 1331 1717 artem,

469 1739 541 1798 Non
557 1740 645 1816 prius
660 1746 772 1799 exacta
785 1740 873 1799 tenui
889 1740 1010 1800 ratione
1025 1760 1181 1818 saporum.

469 1836 537 1895 Nec
552 1836 631 1896 satis
646 1843 696 1897 est
710 1855 783 1896 cara
796 1837 893 1914 piscis
908 1855 1051 1897 averrere
1067 1856 1184 1911 mensa,

470 1932 616 2007 Ignarum
634 1932 749 2010 quibus
764 1942 812 1992 est
827 1933 877 1993 ius
892 1934 998 2011 aptius
1013 1935 1174 2012 atquibus
1189 1935 1270 1996 assis

469 2029 653 2104 Languidus
668 2030 700 2088 in
717 2029 858 2089 cubitum
873 2030 937 2089 iam
952 2049 987 2090 se
1001 2031 1134 2091 conviva
1148 2036 1286 2110 reponet.

468 2120 588 2182 Umber
603 2128 635 2181 et
650 2122 751 2197 iligna
763 2123 904 2182 nutritus
919 2122 1032 2198 glande
1048 2124 1198 2184 rotundas

468 2218 587 2278 Curvat
600 2236 676 2295 aper
690 2217 796 2277 lances
810 2236 937 2277 carnem
952 2220 1084 2279 vitantis
1099 2220 1249 2295 inertem余

467 2314 551 2373 Nam
566 2314 707 2374 Laurens
723 2314 825 2373 malus
840 2321 898 2388 est,
914 2314 997 2375 ulvis
1013 2322 1044 2375 et
1059 2316 1212 2375 arundine
1227 2317 1362 2393 pinguis.

468 2410 570 2469 Vinea
584 2409 746 2470 submittit
759 2428 888 2488 capreas
904 2431 967 2470 non
983 2430 1106 2490 semper
1120 2412 1232 2472 edulis.

467 2505 606 2565 Fecundi
621 2506 739 2584 leporis
755 2507 881 2584 sapiens
897 2507 1071 2568 sectabitur
1085 2528 1197 2571 armos.

466 2603 613 2662 Piscibus
628 2610 724 2681 atque
738 2604 850 2664 avibus
865 2623 946 2681 quae
959 2612 1074 2665 natura
1088 2612 1120 2666 et
1134 2608 1218 2667 foret
1231 2613 1327 2681 aetas,

467 2700 551 2759 Ante
567 2718 669 2758 meum
685 2699 766 2759 nulli
782 2701 887 2779 patuit
901 2701 1047 2778 quaesita
1061 2703 1211 2780 palatum.

467 2794 549 2855 Sunt
562 2814 695 2873 quorum
711 2796 874 2872 ingenium
889 2816 972 2857 nova
985 2804 1110 2859 tanturn
1125 2800 1266 2862 crustula
1279 2799 1403 2879 promit

466 2892 674 2969 Nequaquam
690 2893 769 2953 satis
783 2893 817 2952 in
832 2912 866 2953 re
880 2913 944 2954 una
959 2913 1140 2957 consumere
1155 2916 1279 2973 curam余

467 2990 514 3050 Ut
528 2988 555 3048 si
570 2989 642 3066 quis
658 2988 760 3049 solum
776 2989 843 3064 hoc,
860 2991 997 3051 malane
1012 2994 1077 3052 sint
1091 2993 1175 3067 vina,
1191 2993 1320 3067 laboret,

465 3084 557 3154 Quali
573 3084 745 3161 perfundat
758 3086 855 3163 piscis
870 3105 998 3147 securus
1013 3089 1105 3148 olivo.

466 3181 603 3240 Massica
617 3181 643 3241 si
660 3181 746 3241 caelo
761 3201 918 3260 suppones
934 3184 1008 3244 vina
1021 3203 1140 3260 seren0,

464 3277 637 3351 Nocturna,
653 3279 678 3338 si
695 3278 772 3356 quid
787 3280 883 3339 crassi
900 3286 958 3355 est,
974 3283 1158 3344 tenuabitur
1172 3303 1250 3345 aura

464 3374 507 3433 Et
521 3374 650 3435 decedet
664 3375 741 3434 odor
755 3376 860 3436 nervis
876 3376 1041 3455 inimicus余
1065 3388 1098 3440 at
1112 3380 1169 3441 illa

464 3470 626 3548 Integrum
643 3472 781 3548 perdunt
795 3472 861 3532 lino
877 3474 991 3535 vitiata
1006 3495 1157 3553 saporem.

464 3566 650 3627 Surrentina
664 3569 755 3628 vafer
769 3570 823 3647 qui
838 3571 949 3631 miscet
964 3572 1050 3632 faece
1066 3574 1199 3634 Falerna

463 3663 554 3737 Vina,
569 3665 749 3724 columbino
763 3665 874 3726 limum
890 3668 968 3727 bene
983 3670 1106 3747 colligit
1120 3691 1188 3744 ove,

461 3760 623 3831 Quatenus
639 3762 704 3822 ima
718 3763 799 3841 petit
813 3764 943 3825 volvens
958 3767 1061 3827 aliena
1075 3768 1212 3832 vitellus.

502 3859 608 3920 Tostis
622 3868 812 3919 marcentem
828 3862 956 3939 squillis
971 3865 1124 3925 recreabis
1140 3874 1172 3926 et
1187 3869 1267 3928 Afra

461 3954 606 4014 Potorem
622 3956 743 4031 coclea余
767 3975 839 4016 nam
855 3958 979 4020 lactuca
993 3961 1117 4022 innatat
1131 3964 1195 4023 acri

462 4051 538 4110 Post
553 4053 660 4113 vinum
677 4054 855 4130 stomach03
879 4075 978 4133 perna
993 4060 1091 4135 magis
1106 4067 1139 4120 et
1155 4062 1253 4138 magis
1267 4063 1356 4124 hillis

461 4146 600 4223 Flagitat
615 4150 781 4212 immorans
797 4152 891 4225 refici,
908 4154 984 4230 quin
1000 4157 1106 4217 omnia
1120 4158 1219 4233 malit,

459 4244 679 4325 Quaecumque
695 4249 866 4311 immundis
883 4251 1009 4311 fervent
1023 4253 1130 4314 adlata
1145 4256 1278 4335 popinis.
