3592 5067
374 844 437 912 154
778 834 1040 909 arrsrunnnuu

372 1031 447 1106 Aut,
462 1030 538 1091 dum
552 1031 635 1092 vitat
647 1032 789 1107 humum,
805 1031 903 1091 nubes
917 1036 950 1091 et
962 1030 1070 1091 inania
1083 1037 1196 1109 captet.

372 1128 507 1189 Effutire
522 1128 602 1189 levis
617 1129 750 1205 indigna
764 1129 925 1205 tragoedia
939 1147 1057 1203 versus,

372 1228 421 1288 Ut
434 1226 527 1288 festis
541 1233 687 1287 matrona
699 1226 819 1287 moveri
835 1226 921 1286 iussa
935 1225 1055 1301 diebus,

372 1324 523 1384 Intererit
538 1324 661 1403 Satyris
677 1322 820 1401 paullum
835 1323 1019 1400 pudibunda
1032 1324 1195 1401 protervis.

411 1422 485 1481 Non
500 1440 556 1498 ego
570 1421 717 1481 inornata
731 1426 763 1480 et
777 1420 974 1480 dominantia
987 1421 1115 1480 nomina
1129 1421 1229 1481 solum

362 1519 545 1596 Verbaque,
561 1518 703 1592 Pisones,
720 1516 904 1595 Satyrorum
920 1517 1053 1595 scriptor
1067 1519 1187 1594 amabo,

372 1617 439 1676 Nec
453 1616 499 1677 sic
512 1616 615 1676 enitar
628 1615 749 1690 tragico
764 1614 891 1674 differre
906 1613 1010 1689 colori,

373 1714 420 1773 Ut
433 1712 513 1771 nihil
529 1712 664 1787 intersit,
680 1711 830 1771 Davusne
844 1711 991 1788 loquatur
1005 1718 1038 1771 et
1050 1712 1156 1772 audax

372 1809 514 1887 Pythias,
529 1816 676 1869 emuncto
690 1808 813 1868 lucrata
828 1809 953 1868 Simone
966 1808 1132 1883 talentum,

371 1906 424 1963 An
438 1911 542 1965 custos
557 1904 759 1981 famulusque
774 1904 825 1964 dei
841 1905 966 1964 Silenus
980 1905 1109 1965 alumni.

371 2002 421 2061 Ex
435 2007 510 2061 noto
523 2000 632 2061 fictum
647 2019 772 2061 carmen
788 2019 909 2077 sequar,
926 2007 961 2060 ut
975 2002 1034 2061 sibi
1049 2001 1154 2079 quivis

372 2097 483 2176 Sperat
496 2098 590 2171 idem,
606 2097 699 2157 sudet
713 2097 848 2156 multum
863 2098 1044 2175 frustraque
1057 2097 1179 2159 laboret

371 2195 477 2255 Ausus
491 2194 590 2253 idem:
613 2199 739 2254 tantum
754 2193 851 2253 series
867 2193 1072 2271 iuncturaque
1087 2194 1194 2271 pollet,

372 2292 508 2351 Tantum
523 2291 562 2350 de
576 2290 680 2350 medio
695 2289 831 2367 sumptis
845 2290 967 2350 accedit
980 2289 1115 2350 honoris.

373 2385 469 2447 Silvis
483 2387 610 2446 deducti
625 2392 759 2446 caveant
773 2403 823 2444 me
838 2386 941 2445 iudice
956 2387 1065 2461 Fauni,

370 2484 402 2543 N
404 2502 421 2542 e
436 2482 523 2543 velut
536 2482 639 2542 innati
653 2482 760 2543 triviis
774 2501 810 2542 ac
824 2501 922 2560 paene
936 2482 1076 2543 forenses

371 2580 439 2639 Aut
453 2579 585 2639 nimium
600 2579 718 2639 teneris
733 2579 922 2639 iuvenentur
935 2579 1077 2640 versibus
1091 2599 1251 2659 umquam,

371 2676 439 2735 Aut
452 2676 615 2736 immunda
629 2682 758 2752 crepent
771 2676 1042 2753 ignominiosaque
1056 2676 1157 2753 dicta3

371 2772 583 2832 Offendimtur
597 2773 691 2845 enim,
707 2772 820 2848 quibus
835 2779 884 2833 est
898 2790 996 2850 equus
1011 2780 1043 2833 et
1056 2780 1146 2852 pater
1160 2781 1264 2850 etpres,

371 2870 448 2943 Nec,
463 2869 489 2929 si
504 2868 582 2946 quid
596 2868 685 2928 fricti
699 2869 810 2929 ciceris
824 2870 937 2946 probat
951 2876 983 2929 et
996 2870 1085 2931 nucis
1100 2878 1231 2950 emptor,

371 2965 492 3043 Aequis
505 2964 665 3042 accipiunt
680 2965 795 3025 animis
810 2966 965 3026 donantve
980 2984 1101 3026 corona

412 3061 541 3140 Syllaba
554 3061 648 3137 longa
662 3061 750 3120 brevi
766 3061 907 3122 subiecta
920 3069 1048 3123 vocatur
1061 3063 1194 3140 iambus,

370 3158 431 3218 Pes
445 3158 544 3234 citus3
566 3158 650 3217 unde
665 3157 761 3216 etiam
777 3158 930 3219 trimetris
944 3159 1122 3220 adcrescere
1137 3160 1232 3221 iussit

370 3254 492 3314 Nomen
507 3253 648 3328 iambeis,
663 3272 735 3313 cum
751 3273 842 3314 senos
857 3256 1001 3315 redderet
1015 3256 1096 3316 ictus

370 3351 494 3411 Primus
509 3350 549 3410 ad
564 3356 741 3410 extr-amum
756 3350 870 3411 similis
885 3351 954 3411 sibi.
996 3353 1069 3412 Non
1084 3352 1129 3413 ita
1143 3353 1274 3431 pridem,

370 3447 501 3507 Tardior
514 3453 551 3505 ut
565 3445 660 3523 paulo
675 3447 862 3524 graviorque
877 3448 999 3507 veniret
1013 3449 1053 3508 ad
1069 3449 1164 3524 auris,

369 3544 529 3621 spondeos
544 3541 669 3603 stabilis
684 3544 718 3602 in
732 3543 802 3604 iura
815 3550 948 3621 paterna
960 3546 1078 3623 recepit

368 3640 557 3702 Commodus
571 3646 604 3699 et
617 3640 752 3718 patiens,
766 3660 830 3701 nou
840 3648 877 3701 ut
890 3642 930 3701 de
945 3642 1018 3702 sede
1033 3643 1170 3703 secunda

368 3737 499 3799 eederet
513 3742 696 3814 autquarta
710 3738 875 3797 socialiter.
919 3738 982 3798 Hic
997 3741 1075 3799 etin
1090 3740 1167 3800 Acci
1187 3760 1189 3764 ·

367 3833 535 3894 Nobilibus
550 3833 703 3894 trimetris
718 3840 849 3912 apparet
864 3853 961 3910 rarus,
976 3842 1009 3894 et
1023 3837 1107 3895 Enni

367 3932 407 3990 In
421 3949 563 3992 scaenam
578 3931 692 3992 missos
706 3948 777 3990 cum
792 3950 907 4008 magno
920 3932 1056 4010 pondere
1070 3952 1179 3995 versus

366 4028 433 4088 Aut
446 4046 557 4106 operae
572 4027 684 4087 celeris
698 4028 832 4088 nimium
846 4048 981 4107 curaque
995 4032 1130 4091 carentis

365 4125 432 4185 Aut
445 4125 604 4202 ignoratae
619 4125 736 4203 premit
750 4126 827 4186 artis
842 4127 972 4186 crimine
986 4128 1082 4206 turpi.

365 4223 396 4282 N
398 4242 438 4282 on
452 4222 558 4301 quivis
572 4222 660 4283 videt
675 4222 881 4284 immodulata
894 4233 1039 4303 poemata
1053 4225 1158 4302 iudex,
