3592 5067
375 815 417 879 92
770 824 1032 876 cusentinum

372 996 458 1072 Albi,
473 1000 842 1060 nostrorum'sermonum
856 999 989 1060 candide
1003 998 1108 1075 iudex,

372 1093 455 1167 Quid
469 1115 553 1157 nunc
567 1103 599 1156 te
614 1096 717 1157 dicam
731 1097 835 1157 facere
849 1097 883 1156 in
897 1097 1022 1175 regione
1035 1098 1189 1159 Pedana?

372 1193 513 1255 Scribere
528 1194 611 1272 quod
627 1195 717 1257 (lassi
732 1195 913 1256 Parmensis
928 1195 1078 1274 opuscula
1092 1196 1207 1271 vincat,

371 1291 424 1351 An
439 1292 571 1352 tacitum
587 1291 686 1354 silvas
701 1293 783 1352 inter
798 1300 920 1371 reptare
935 1292 1079 1367 salubris,

370 1389 540 1451 Curantem
556 1390 707 1468 quicquid
722 1389 851 1467 dignum
866 1392 1009 1470 sapiente
1024 1390 1166 1469 bonoque
1180 1391 1255 1451 est?
1411 1397 1428 1448 6

410 1487 484 1548 Non
498 1493 533 1548 tu
547 1506 660 1566 corpus
675 1506 744 1548 eras
758 1490 827 1548 sine
842 1495 975 1566 pectore.
1018 1487 1061 1546 Di
1075 1488 1135 1548 tibi
1148 1487 1292 1562 formam,

369 1584 411 1644 Di
426 1585 486 1645 tibi
500 1585 629 1645 divitias
645 1584 800 1645 dederunt
815 1592 976 1663 artemque
992 1586 1127 1645 fruendi.

369 1680 452 1751 Quid
467 1688 580 1741 voveat
594 1680 680 1741 dulci
694 1681 853 1755 nutricula
867 1683 968 1743 maius
983 1681 1118 1754 alumne,

368 1777 428 1848 Qui
444 1795 553 1855 sapere
567 1786 600 1839 et
614 1778 676 1839 fari
691 1779 792 1856 possit
806 1797 886 1855 quae
900 1780 1025 1853 sentiat,
1041 1785 1074 1839 et
1087 1779 1138 1839 cui

369 1874 489 1949 Gratia,
504 1875 600 1949 fama,
617 1874 765 1935 valetudo
779 1875 942 1952 contingat
956 1876 1088 1951 abunde,

367 1970 411 2030 Et
424 1971 561 2031 mundus
576 1974 679 2031 victus
693 1990 755 2030 non
771 1970 936 2032 deficiente
951 1973 1123 2032 crumena?

408 2067 496 2126 Inter
510 2085 597 2145 spem
612 2086 791 2144 curamque,
806 2069 935 2128 timores
951 2068 1032 2128 inter
1045 2075 1078 2128 et
1091 2068 1156 2128 iras

366 2162 499 2223 Omnem
513 2165 604 2224 crede
618 2164 703 2223 diem
718 2164 776 2223 tibi
792 2163 946 2224 diluxisse
961 2182 1158 2242 supremum

367 2260 467 2320 Grata
480 2265 690 2338 superveniet,
706 2278 785 2336 quae
801 2278 862 2320 non
877 2261 1054 2338 sperabitur
1068 2260 1156 2320 hora.

366 2357 420 2415 Me
434 2358 581 2433 pinguem
597 2366 630 2416 et
645 2357 781 2416 nitidum
797 2356 874 2416 bene
890 2363 998 2417 curata
1011 2361 1082 2416 cute
1099 2357 1192 2433 vises,
1394 2369 1424 2417 15

365 2452 445 2514 Cum
460 2452 562 2514 ridere
577 2452 663 2514 voles
678 2453 808 2531 Epicuri
823 2452 862 2512 de
876 2471 969 2530 grege
983 2470 1119 2532 porcum.

869 2696 905 2756 V.

739 2855 792 2904 AN
815 2853 1040 2906 INVITATION.

605 2990 778 3039 Annnnssnn
795 3002 830 3039 ro
849 2989 981 3040 Miunins
998 2988 1174 3045 Tononirns.

403 3083 431 3133 1.
457 3081 581 3135 outline:

429 3199 452 3247 l.
478 3198 583 3248 Horace
595 3197 694 3248 invites
704 3196 857 3259 Torquatus
869 3203 898 3247 to
909 3197 994 3260 spend
1006 3197 1051 3247 the
1060 3199 1207 3260 emperor‘s
1216 3196 1342 3260 blrthday
1351 3197 1417 3249 with

558 3273 615 3323 him
636 3274 664 3323 in
685 3273 779 3334 Rome,
798 3272 852 3323 and
874 3281 903 3323 to
922 3271 1054 3324 celebrate
1071 3274 1117 3323 the
1135 3280 1215 3324 event
1235 3274 1271 3337 by
1289 3286 1306 3323 a
1321 3272 1418 3337 simple

559 3350 664 3411 diener,
681 3350 761 3410 l—ll;

426 3426 450 3474 2.
477 3423 535 3476 One
552 3425 650 3476 should
667 3425 748 3487 enjoy
766 3422 813 3475 lile
830 3424 884 3474 and
902 3424 976 3475 drive
993 3437 1071 3486 away
1085 3438 1154 3475 care.
1190 3425 1249 3476 The
1266 3423 1419 3477 beneficent

558 3500 652 3551 ellects
663 3500 693 3550 oi
705 3500 782 3559 wine,
799 3501 897 3562 12-20;

425 3574 449 3626 8.
477 3577 519 3627 He
536 3578 667 3639 promises
683 3581 746 3627 neat
763 3576 817 3625 and
833 3576 949 3627 suitable
966 3577 1134 3638 accessories,
1150 3575 1203 3626 and
1221 3576 1418 3640 opportuulties

557 3652 600 3702 ior
612 3651 786 3703 confidentia}
805 3652 869 3703 talk.
907 3652 950 3702 Hc
964 3652 1028 3703 aslis
1043 3652 1195 3716 Torquatus
1212 3660 1241 3704 to
1256 3651 1319 3716 help
1333 3653 1417 3704 select

557 3729 603 3779 the
614 3738 714 3793 guests,
728 3728 818 3778 21-31.

400 3845 428 3895 2.
453 3843 547 3896 Time:
566 3843 638 3907 Sept
653 3844 695 3907 23,
709 3857 762 3894 mo.
777 3845 807 3893 21
821 3857 852 3894 or
862 3844 903 3894 20.

520 4007 553 4067 Si
568 4014 658 4085 potes
673 4006 835 4067 Archiacis
850 4007 984 4067 conviva
997 4006 1175 4068 recumbere
1189 4006 1281 4070 lectis
1325 4089 1328 4094 ,

478 4104 545 4163 Nec
559 4105 682 4164 modica
696 4121 806 4164 cenare
821 4103 914 4163 times
929 4103 1020 4164 holus
1034 4122 1126 4164 omne
1140 4104 1269 4182 patella,

478 4200 631 4279 Supremo
644 4207 676 4261 te
691 4199 756 4262 sole
771 4200 865 4275 domi,
881 4202 1048 4279 Torquate,
1063 4201 1203 4261 manebo.
