3592 5067
382 940 463 1008 xm]
834 935 948 988 meaa
971 936 992 989 1.

381 1112 475 1172 Dicet
489 1127 602 1189 eques3
624 1107 680 1169 sed
695 1108 770 1188 equi
787 1108 915 1170 frenato
929 1115 978 1171 est
992 1109 1078 1172 auris
1093 1110 1125 1171 in
1142 1130 1244 1172 ore—

381 1209 485 1270 Maior
499 1213 606 1267 utrum
620 1204 773 1283 populum
788 1205 942 1267 frumenti
958 1207 1050 1286 eopia
1062 1215 1181 1285 pascat,

380 1306 578 1369 collectosne
593 1302 703 1364 bibant
718 1302 835 1364 imbres
850 1311 1005 1382 puteosne
1019 1305 1167 1383 perennis
1214 1363 1215 1367 ,

379 1403 468 1481 Iugis
483 1419 715 1480 aquae-nam
731 1400 806 1460 vina
820 1401 902 1460 nihil
919 1420 1022 1463 moror
1036 1401 1124 1463 illius
1139 1420 1220 1465 orae.

379 1501 464 1561 Rure
480 1518 549 1560 meo
563 1516 691 1577 possum
707 1498 836 1576 quidvis
851 1499 994 1577 perferre
1009 1501 1159 1579 patique;

379 1599 431 1658 Ad
445 1614 530 1657 mare
546 1615 616 1657 curn
632 1596 713 1669 veni,
730 1614 916 1672 generosum
932 1603 964 1657 et
979 1596 1049 1657 lene
1064 1599 1199 1678 requiro,

378 1695 467 1766 Quod
482 1712 572 1755 curas
587 1694 703 1769 abigat,
719 1694 804 1772 quod
820 1712 891 1754 curn
907 1712 962 1772 spe
977 1694 1078 1755 divite
1092 1703 1199 1757 manet

378 1792 418 1851 In
432 1810 528 1852 venas
543 1792 747 1869 animumque
762 1809 876 1866 meum,
892 1791 977 1869 quod
994 1792 1087 1853 verba
1102 1793 1271 1870 ministret,

377 1888 467 1959 Quod
482 1906 531 1947 me
547 1889 691 1947 Lucanae
707 1887 852 1947 iuvenem
868 1889 1066 1950 commendet
1079 1891 1246 1952 amicae—

376 1986 509 2046 Tractus
524 1991 595 2044 uter
610 1984 710 2063 pluris
726 1984 858 2062 lepores,
873 1990 945 2045 uter
959 1986 1070 2046 educet
1085 2004 1195 2065 apros;

376 2083 460 2144 Utra
474 2081 576 2157 magis
591 2081 687 2161 piscis
702 2087 735 2141 et
748 2081 878 2142 echinos
892 2099 1029 2160 aequora
1043 2082 1155 2159 celent,

375 2177 510 2257 Pinguis
524 2186 561 2238 ut
575 2178 648 2239 inde
663 2178 790 2238 domum
807 2178 926 2257 possim
944 2178 1135 2258 Phaeaxque
1150 2182 1276 2258 reverti,

376 2276 518 2341 Scribere
533 2276 679 2350 tenebis,
694 2275 754 2336 tibi
770 2294 827 2337 nos
842 2276 1005 2336 accredere
1021 2296 1076 2355 par
1090 2283 1147 2338 est.

415 2373 572 2448 Maenius,
586 2380 623 2434 ut
637 2373 729 2434 rebus
745 2372 896 2434 maternis
912 2378 1007 2451 atque
1022 2375 1164 2452 paternis

374 2470 514 2531 Fortiter
527 2470 703 2548 absumptis
718 2470 857 2531 urbanus
872 2470 977 2549 coepit
990 2469 1099 2531 haberi

375 2566 497 2642 Scurra,
513 2585 620 2642 vagus,
636 2586 698 2627 non
714 2567 770 2645 qui
784 2572 904 2626 certum
919 2585 1069 2645 praesepe
1085 2575 1215 2646 teneret,

327 2714 331 2720 ,
373 2663 559 2742 Impransus
573 2682 636 2723 non
651 2663 705 2740 qui
719 2663 821 2723 civem
836 2662 1015 2724 dinosceret
1028 2664 1129 2739 hoste,

373 2759 537 2830 Quaelibet
552 2760 584 2818 in
600 2758 743 2836 quemvis
758 2759 928 2838 opprobria
942 2759 1059 2837 fingere
1074 2779 1196 2838 saevus,

372 2854 533 2917 Pernicies
548 2860 580 2914 et
594 2861 766 2932 tempestas
781 2855 1029 2933 barathrumque
1043 2856 1177 2933 macelli,

372 2951 529 3029 Quicquid
542 2951 728 3029 quaesierat,
744 2951 848 3011 ventri
864 2951 1002 3011 donabat
1016 2970 1118 3013 avaro.

371 3047 435 3108 Hic
450 3047 504 3107 ubi
519 3048 680 3125 nequitiae
695 3047 874 3108 fautoribus
889 3055 922 3107 et
936 3048 1059 3110 timidis
1073 3048 1119 3108 nil

370 3144 437 3205 Aut
452 3142 593 3222 paullum
609 3143 793 3218 abstulerat,
810 3145 935 3222 patinas
950 3145 1081 3205 cenabat
1095 3147 1196 3207 omasi

370 3239 453 3301 Vilis
468 3245 501 3300 et
515 3239 656 3317 agninae,
673 3240 775 3301 tribus
790 3240 872 3301 ursis
887 3240 972 3319 quod
992 3242 1071 3302 satis
1085 3251 1185 3319 esaet;

370 3336 498 3397 Scilicet
513 3343 549 3396 ut
563 3342 689 3397 ventres
704 3336 812 3396 lamna
826 3337 981 3397 candente
998 3344 1148 3417 nepotum

369 3433 497 3493 Diceret
511 3433 646 3493 urendos
661 3440 818 3494 correctus
834 3434 970 3494 Bestius.
1014 3434 1113 3509 Idem,

368 3529 526 3607 Quicquid
541 3536 608 3590 erat
622 3536 756 3591 nanctus
771 3529 904 3609 praedae
919 3530 1058 3613 maioris,
1073 3532 1126 3592 ubi
1142 3551 1233 3595 omne

368 3626 515 3687 Verterat
528 3626 562 3685 in
577 3626 700 3686 fumum
714 3633 747 3687 et
761 3627 907 3701 cinerem,
924 3627 972 3688 ‘N
975 3647 1014 3688 ou
1031 3628 1156 3689 hercule
1170 3630 1287 3707 miror,'

367 3723 491 3797 Aiebat,
507 3724 553 3783 ‘si
567 3724 621 3802 qui
637 3724 805 3784 comedunt
817 3724 909 3798 bona,
923 3743 994 3784 cum
1010 3726 1053 3786 sit
1067 3725 1160 3787 obeso

366 3819 423 3879 Nil
439 3819 551 3879 melius
566 3821 668 3895 turdo,
683 3820 730 3880 nil
745 3820 839 3880 volva
853 3820 1017 3899 pulchrius
1032 3822 1157 3901 ampla!

405 3916 566 3976 Nimirum
582 3916 633 3977 hic
648 3936 706 3994 ego
720 3937 807 3993 sum3
830 3936 903 3977 nam
919 3925 990 3979 tuta
1004 3926 1036 3978 et
1050 3920 1181 3997 parvola
1194 3921 1298 3999 laudo,

366 4014 445 4075 Cum
460 4032 509 4074 res
524 4013 684 4089 deficiunt,
700 4013 778 4075 satis
793 4015 877 4074 inter
891 4015 969 4075 vilia
983 4016 1094 4096 fortis:

365 4111 480 4171 Verum
496 4111 550 4170 ubi
565 4110 642 4189 quid
658 4110 771 4172 melius
786 4113 944 4190 contingit
959 4121 991 4173 et
1005 4114 1141 4190 unctius,
1156 4115 1241 4176 idem

364 4208 428 4268 Vos
444 4227 552 4286 sapere
568 4217 599 4269 et
614 4208 696 4270 solos
711 4210 762 4269 aio
776 4210 854 4270 bene
870 4210 986 4285 vivere,
1002 4230 1135 4288 quorum

363 4304 564 4384 Conspicitur
579 4306 689 4367 nitidis
705 4306 840 4367 fundata
855 4308 990 4385 pecunia
1004 4307 1100 4370 villis„
