3592 5067
381 941 419 1008 ι]
833 938 946 987 mann
970 937 991 986 1.

379 1112 462 1185 Quid
477 1111 588 1172 vetat?
610 1116 646 1169 ut
661 1110 767 1189 pueris
782 1111 857 1171 olim
873 1112 952 1171 dant
966 1109 1107 1171 crustula
1120 1109 1229 1171 blandi

379 1211 540 1283 Doctores,
556 1206 714 1267 elementa
729 1207 829 1268 velint
844 1216 879 1268 ut
894 1208 1015 1268 discere
1030 1206 1150 1285 prima3

379 1308 440 1369 Sed
454 1307 562 1367 tamen'
575 1310 681 1365 amoto
695 1324 882 1383 quaeramus
897 1306 980 1366 seria
995 1305 1069 1365 ludo
1079 1341 1119 1367 -,-

378 1404 439 1465 Ille
454 1421 580 1480 gravem
596 1402 675 1462 duro
689 1409 804 1462 terram
820 1403 875 1480 qui
891 1402 989 1463 vertit
1003 1409 1116 1479 aratr0,

378 1500 522 1562 Perfidus
537 1498 588 1558 hic
603 1517 712 1583 caupo,
729 1499 828 1575 miles,
845 1506 1021 1577 nautaeque
1037 1517 1092 1578 per
1106 1519 1197 1560 omne

376 1598 521 1659 Audaces
539 1615 624 1656 mare
637 1595 694 1673 qui
708 1603 848 1672 currunt,
864 1596 923 1657 hac
938 1602 1043 1657 mente
1057 1597 1195 1658 laborem

377 1696 451 1757 Sese
467 1695 558 1769 ferre,
575 1712 666 1755 senes
681 1700 717 1754 ut
732 1694 765 1753 in
780 1694 846 1754 otia
860 1700 931 1753 tuta
946 1694 1102 1770 recedant,

376 1794 487 1867 Aiunt,
503 1809 573 1851 cum
589 1790 649 1851 sibi
665 1791 730 1852 sint
745 1797 895 1867 congesta
908 1791 1041 1866 cibaria3
1064 1792 1146 1852 sicut

376 1889 638 1949 Parvola-nam
654 1888 800 1966 exemplo
814 1888 1026 1964 est-magni
1041 1889 1172 1950 formica
1186 1889 1302 1950 laboris

375 1986 437 2047 Ore
452 1985 552 2045 trahit
566 1985 786 2062 quodcumque
800 1991 907 2062 potest
921 1992 1016 2062 atque
1031 1986 1122 2045 addit
1136 2006 1254 2063 acervo,

374 2084 473 2154 Quem
489 2082 594 2155 struit,
610 2081 695 2142 haud
711 2082 820 2160 ignara
834 2100 870 2142 ac
884 2091 947 2142 n'on
963 2083 1089 2142 incauta
1103 2084 1212 2142 futuri.

373 2181 469 2255 Quae,
485 2180 580 2240 simul
596 2168 758 2239 inversum
773 2179 942 2239 contristat
957 2179 1118 2257 Aquarius
1133 2200 1258 2254 annum,

372 2277 404 2336 N
406 2296 446 2336 on
462 2295 595 2354 usquam
612 2277 754 2355 prorepit
768 2283 801 2337 et
815 2277 881 2338 illis
898 2277 999 2337 utitur
1013 2283 1086 2337 ante

373 2374 531 2445 Quaesitis
546 2374 683 2451 sapiens,
699 2393 770 2434 oum
785 2380 817 2433 te
832 2382 934 2452 neque
950 2375 1091 2434 fervidus
1107 2382 1213 2436 aestus

374 2472 547 2531 Demoveat
562 2470 776 2549 lucra-neque
791 2471 902 2546 hiems,
919 2472 1011 2547 ignis,
1028 2491 1122 2547 mare,
1138 2473 1266 2547 ferrum,

372 2568 428 2627 Nil
444 2568 549 2628 obstet
563 2569 632 2642 tibi,
648 2569 722 2628 dum
741 2588 779 2629 ne
795 2570 838 2629 sit
852 2578 884 2628 te
900 2569 996 2629 ditior
1011 2569 1099 2628 alter.

411 2666 495 2736 Quid
510 2665 598 2723 iuvat
613 2665 802 2725 immensum
817 2674 848 2725 tc
864 2667 986 2743 argenti
1003 2667 1126 2743 pondus
1139 2674 1170 2727 et
1186 2667 1254 2726 auri

372 2760 497 2819 Furtim
512 2761 640 2820 defossa
654 2761 804 2821 timidum
819 2763 975 2839 deponere
990 2764 1100 2821 terra?

373 2856 521 2927 ‘Quodsi
536 2857 741 2931 comminuas,
757 2858 850 2917 vilem
867 2858 1028 2933 redigatur
1043 2859 1082 2917 ad
1097 2859 1219 2919 assem!

371 2953 416 3012 At
430 2953 463 3011 ni
479 2952 512 3012 id
528 2951 573 3027 fit,
589 2953 667 3029 quid
682 2954 777 3013 habet
791 2953 917 3030 pulchri
932 2961 1129 3014 constructus
1144 2957 1300 3015 acervus?

370 3049 464 3123 Milia
478 3049 632 3108 frumenti
647 3056 703 3108 tua
717 3050 843 3109 triverit
858 3069 930 3110 area
945 3057 1087 3125 centum,

369 3146 443 3206 Non
457 3153 531 3208 tuus
547 3147 605 3205 hoc
620 3146 725 3222 capiet
741 3152 851 3205 venter
865 3147 938 3225 plus
954 3166 990 3206 ao
1004 3166 1108 3224 meus,
1130 3155 1167 3208 ut
1181 3150 1208 3210 si

369 3232 549 3303 Reticulum
566 3242 658 3319 panis
674 3243 794 3303 venalis
810 3244 893 3302 inter
908 3252 1022 3304 onusto
1036 3237 1043 3243 ’

369 3339 463 3399 Forte
479 3339 575 3398 vehas
591 3358 708 3412 umero,
723 3339 825 3399 nihilo
840 3328 912 3417 plus
927 3341 1063 3417 accipias
1079 3359 1172 3417 quam

368 3437 427 3506 Qui
443 3435 487 3494 nil
504 3434 647 3512 portarit.
691 3436 750 3496 Vel
767 3436 827 3511 dic,
843 3437 920 3514 quid
936 3438 1053 3497 referat
1068 3437 1152 3499 intra
1254 3464 1258 3472 ·

368 3532 510 3591 Naturae
525 3530 599 3592 finis
614 3532 737 3593 viventi
751 3533 860 3610 iugera
874 3541 1000 3593 centum
1016 3552 1055 3593 an

368 3628 459 3688 Mille
473 3629 566 3688 aret?

611 3720 672 3786 ‘At
687 3746 783 3787 suave
797 3734 847 3787 est
862 3747 901 3787 ex
917 3747 1030 3805 magno
1044 3729 1155 3790 tollere
1169 3733 1299 3790 acervo)

367 3822 450 3882 Dum
467 3841 506 3882 ex
522 3840 619 3900 parvo
634 3823 724 3883 nobis
737 3824 923 3884 tantundem
940 3824 1066 3886 haurire
1082 3828 1250 3905 relinquas,

366 3919 429 3980 Cur
443 3926 498 3980 tua
513 3919 586 3997 plus
601 3920 712 3982 laudes
726 3920 863 3999 cumeris
878 3919 1025 3995 granaria
1039 3903 1181 3981 nostris?

367 4019 413 4100 Ut
428 4017 532 4098 tibisi
547 4017 590 4077 sit
604 4036 683 4094 opus
698 4017 813 4094 liquidi
828 4037 890 4077 non
906 4016 1044 4094 amplius
1059 4036 1139 4076 urna

365 4115 422 4175 Vel
440 4114 564 4192 cyatho,
581 4120 613 4172 et
628 4114 714 4174 dicas
731 4121 865 4190 ‘magno
879 4115 918 4174 de
935 4113 1063 4173 flumine
1079 4114 1214 4189 mallem,

365 4211 463 4282 Quam
480 4229 518 4269 ex
534 4210 592 4269 hoc
608 4210 765 4271 fonticulo
780 4211 967 4271 tantundem
984 4212 1127 4270 sumere!
1168 4213 1215 4297 Eo
1231 4211 1276 4287 fit,

364 4308 492 4369 Plenior
506 4315 543 4367 ut
558 4307 585 4367 si
601 4326 679 4385 quos
694 4307 831 4369 delectet
847 4309 937 4387 copia
951 4307 1045 4383 iusto,
1207 4299 1210 4302 ⁵
