3592 5067
373 817 436 884 138
770 828 1031 881 unsrunnnuu

371 1003 477 1065 Verna
490 1002 678 1064 ministeriis
693 1001 733 1063 ad
748 1010 845 1064 nutus
859 1009 953 1081 aptus
968 1000 1055 1061 erilis

371 1099 538 1161 Litterulis
553 1099 685 1161 Graecis
700 1100 849 1175 imbutus,
866 1099 997 1159 idoneus
1011 1098 1074 1158 arti

371 1197 509 1260 Cuilibet
524 1196 639 1273 argilla
653 1197 781 1277 quidvis
796 1196 971 1257 imitaberis
985 1196 1064 1271 uda,

370 1294 453 1366 Quin
468 1294 564 1355 etiam
579 1301 671 1355 canet
686 1294 848 1355 indoctum
863 1294 919 1355 sed
933 1293 1023 1374 dulce
1038 1293 1167 1355 bibenti.
1189 1324 1194 1333 ,

371 1391 474 1452 Multa
488 1392 582 1452 fidem
598 1391 755 1470 promissa
768 1391 884 1465 levant,
900 1391 954 1451 ubi
969 1389 1093 1468 plenius
1107 1409 1207 1469 aequo

371 1488 493 1550 Laudat
508 1489 631 1565 venalis
646 1489 702 1567 qui
718 1488 785 1548 volt
800 1487 966 1549 extrudere
980 1506 1105 1548 merces.

371 1587 434 1647 Res
448 1594 539 1663 urget
554 1605 604 1646 me
618 1585 722 1661 nulla;
745 1604 815 1646 meo
830 1604 899 1646 sum
914 1604 1033 1663 pauper
1047 1586 1080 1644 in
1094 1603 1173 1645 aere.

369 1684 471 1743 Nemo
486 1683 544 1744 hoo
559 1702 751 1760 mangonum
766 1684 884 1743 faceret
900 1682 976 1756 tibi,
998 1701 1061 1741 non
1076 1688 1193 1741 temere
1207 1698 1226 1739 a
1239 1698 1289 1738 me

324 1827 326 1832 .
370 1780 480 1851 Quivis
495 1780 592 1841 ferret
607 1780 700 1840 idem.
746 1779 847 1840 Semel
862 1780 915 1839 hic
929 1779 1065 1839 cessavit
1079 1785 1119 1853 et,
1134 1787 1171 1837 ut
1185 1777 1230 1851 fit,

370 1877 410 1935 In
422 1862 518 1937 ¹scalis
534 1876 630 1936 latuit
644 1883 787 1937 metuens
802 1875 970 1954 pendentis
985 1874 1160 1957 habenae3'
1189 1929 1192 1935 .

370 1973 434 2032 Des
448 1991 602 2048 nummos,
619 1980 752 2049 excepta
764 1972 845 2031 nibil
860 1978 893 2032 te
908 1972 935 2032 si
949 1971 1026 2048 fuga
1039 1970 1160 2046 laedat3

370 2068 432 2129 Ille
445 2070 527 2129 ferat
541 2070 679 2147 pretium
695 2087 812 2146 poenae
827 2086 953 2128 securus
968 2068 1086 2145 opinor.

370 2164 512 2225 Prudens
528 2165 632 2226 emisti
649 2163 809 2238 vitiosum,
825 2163 911 2223 dicta
925 2162 984 2223 tibi
999 2172 1047 2223 est
1061 2163 1126 2236 lex3

370 2262 550 2338 Insequeris
565 2266 672 2320 tamen
689 2260 772 2319 hune
786 2265 818 2319 et
832 2260 889 2319 lite
904 2259 1036 2319 moraris
1051 2258 1187 2335 iniqua?

369 2357 446 2417 Dixi
460 2376 511 2417 me
524 2357 649 2435 pigrum
665 2355 878 2434 proficiscenti
893 2355 963 2428 tibi,
978 2354 1046 2414 dixi
1083 2428 1084 2431 Ἴ

369 2452 499 2513 Talibus
515 2451 739 2531 officiisprope
753 2470 908 2524 maneum,
923 2451 1046 2510 nemea
1060 2469 1172 2511 saevus

369 2550 515 2625 Iul-garos
529 2549 569 2609 ad
584 2556 617 2609 te
627 2548 713 2627 quod
727 2548 865 2626 epistula
878 2548 968 2607 nulla
981 2547 1105 2607 rediret.

370 2645 452 2716 Quid
466 2651 534 2706 tum
549 2645 678 2723 profeci,
694 2663 816 2705 mecum
831 2644 984 2704 facientia
998 2644 1067 2703 iura

370 2741 404 2803 si
420 2746 525 2801 tamen
539 2742 737 2820 attemptas?

776 2836 922 2907 Quereris
937 2854 1029 2914 super
1043 2836 1101 2896 hoc
1116 2836 1220 2910 etiam,
1236 2835 1319 2913 quod
1386 2872 1390 2882 ·

369 2934 561 3011 Exspectata
574 2932 634 2993 tibi
648 2951 712 2992 non
726 2933 853 2992 mittam
867 2933 1007 2993 carmina
1020 2931 1163 2991 mendax.

368 3029 493 3089 Luculli
508 3027 600 3089 miles
615 3028 748 3088 collecta
762 3029 878 3088 viatica
893 3028 1002 3088 multis

368 3125 546 3199 aerumnis,
563 3124 665 3185 lassus
680 3125 755 3183 dum
769 3131 865 3183 noctu
880 3125 995 3199 stertit,
1011 3125 1051 3184 ad
1065 3142 1166 3184 assem

368 3219 572 3295 Perdiderat;
595 3219 741 3297 posthoc
756 3239 882 3280 vemens
898 3221 992 3298 lupus
1007 3226 1039 3280 et
1054 3219 1115 3280 sibi
1129 3225 1161 3278 et
1175 3218 1259 3278 hosti

368 3317 472 3376 Iratus
488 3314 613 3394 pariter,
630 3316 746 3375 ieiunis
761 3316 909 3376 dentibus
923 3334 1001 3390 acer,

367 3411 565 3473 Praesidium
580 3412 684 3489 regale
698 3410 767 3471 loco
781 3411 904 3487 deiecit,
918 3417 955 3478 ut
969 3412 1067 3487 aiunt,

368 3508 494 3568 Summe
509 3507 631 3567 munito
645 3514 677 3568 et
691 3507 861 3567 multarum
876 3507 977 3568 divite
991 3527 1101 3569 rerum.

367 3605 476 3666 Clarus
491 3605 531 3666 ob
545 3603 579 3663 id
593 3604 724 3678 factum,
739 3604 830 3665 donis
846 3613 975 3664 ornatur
989 3604 1140 3679 honestis,

367 3701 493 3779 Accipit
507 3707 540 3761 et
554 3699 603 3760 bis
619 3700 701 3760 dena
715 3719 809 3778 super
824 3700 972 3761 sestertia
985 3721 1156 3761 nummum.

367 3798 460 3857 Forte
474 3797 532 3857 sub
546 3795 605 3857 hoc
619 3804 744 3874 tempus
758 3796 925 3857 castellum
939 3806 1078 3858 evertere
1092 3804 1217 3875 praetor

365 3893 481 3953 Nescio
495 3892 579 3972 quod
593 3879 732 3972 cupiens,
748 3893 868 3953 hortari
883 3895 986 3972 coepit
1001 3894 1133 3954 eundem
1392 3907 1422 3951 ss

366 3990 487 4065 Verbis,
502 4008 582 4068 quae
595 3989 708 4050 timido
723 4008 846 4069 quoque
861 3997 990 4069 possent
1005 3992 1118 4052 addere
1133 3997 1269 4052 mentem

366 4094 372 4122 ‘
386 4087 401 4145 Ι
416 4086 503 4162 bone,
518 4105 581 4165 quo
596 4086 698 4147 virtus
713 4094 815 4147 tuate
829 4096 928 4162 vocat,
944 4088 955 4147 i
970 4088 1048 4166 pede
1063 4089 1178 4163 faust0,

325 4260 328 4266 Ι
366 4182 507 4244 Grandia
520 4182 642 4243 laturus
657 4183 842 4244 meritorum
856 4186 1002 4263 praemia
1044 4185 1127 4257 Quid
1142 4192 1206 4246 stas
1218 4186 1251 4245 ?’
