3592 5067
387 987 427 1055 r]
678 956 680 961 ’
835 983 995 1035 ameni

386 1159 446 1221 Est
459 1157 596 1237 quadam
611 1156 736 1236 prodire
751 1162 853 1232 tenus,
870 1156 898 1218 si
913 1176 976 1216 non
991 1155 1085 1217 datur
1098 1156 1191 1215 ultra

386 1256 501 1317 Fervet
515 1253 650 1315 avaritia
664 1253 840 1332 miseroque
854 1253 1006 1333 cupidine
1019 1259 1146 1332 pectus;

386 1352 468 1413 Sunt
481 1351 578 1413 verba
590 1358 623 1412 et
638 1369 728 1411 voces
744 1350 860 1429 quibus
874 1350 959 1410 hunc
973 1350 1073 1410 lenire
1088 1348 1227 1409 dolorem

384 1449 494 1510 Possis
509 1455 540 1508 et
554 1465 699 1524 magnam
714 1446 817 1507 morbi
830 1447 988 1526 deponere
1003 1452 1134 1525 partem.

383 1545 503 1606 Laudis
518 1563 622 1605 amore
635 1549 739 1604 tumes
747 1567 756 1621 3
779 1548 855 1604 sunt
868 1549 956 1605 certa
969 1542 1095 1622 piacula
1108 1560 1187 1620 quae
1201 1548 1234 1602 te

383 1643 444 1702 Ter
458 1661 536 1721 pure
549 1640 631 1702 lecto
645 1647 795 1719 poterunt
809 1659 949 1701 recreare
964 1640 1081 1701 libello.

383 1738 526 1813 Invidus,
542 1737 719 1813 iracundus,
735 1738 830 1814 iners,
844 1738 986 1813 vinosus,
1001 1743 1130 1811 amator,

380 1835 484 1895 Nemo
498 1835 576 1895 adeo
591 1835 677 1895 ferus
692 1841 749 1911 est,
765 1841 879 1895 utnon
894 1834 1060 1895 mitescere
1075 1834 1185 1912 possit,

382 1931 415 1992 Si
430 1933 523 1992 modo
536 1932 679 1992 culturae
692 1932 866 2009 patientem
882 1933 1060 1992 commodet
1074 1950 1189 1992 aurem.

419 2028 531 2089 Virtus
546 2036 594 2089 est
608 2027 722 2088 vitium
737 2030 848 2105 fugere
863 2037 897 2090 et
911 2029 1069 2107 sapientia
1083 2029 1187 2108 prima

380 2125 525 2186 Stultitia
539 2125 685 2186 caruisse.
730 2126 836 2200 Vides,
853 2144 933 2204 quae
947 2126 1085 2185 maxima
1099 2126 1203 2186 credis

378 2223 457 2283 Esse
471 2222 563 2297 mala,
578 2223 726 2299 exiguum
741 2242 870 2284 censum
884 2229 1073 2302 turpemque
1087 2223 1256 2301 repulsam,

377 2319 501 2390 Quanto
517 2320 639 2380 devites
653 2320 753 2380 animi
768 2320 946 2398 capitisque
960 2319 1065 2381 labore
1073 2343 1081 2397 ;

377 2417 517 2496 Impiger
530 2425 686 2478 extremos
701 2418 802 2478 curris
817 2424 972 2478 mercator
985 2418 1026 2477 ad
1040 2418 1147 2493 Indos,

375 2514 436 2574 Per
450 2532 536 2574 mare
551 2514 732 2594 pauperiem
748 2515 885 2591 fugiens,
901 2533 958 2594 per
973 2533 1058 2591 saxa,
1073 2533 1129 2593 per
1143 2514 1243 2591 ignis3

374 2610 425 2673 Ne
438 2629 528 2672 cures
543 2630 587 2686 ea,
603 2629 682 2688 quae
698 2611 796 2672 stulte
810 2611 938 2672 miraris
953 2618 985 2672 et
999 2620 1099 2690 optas,

374 2708 503 2768 Discere
518 2713 550 2767 et
563 2708 673 2768 audire
686 2714 719 2768 et
732 2708 856 2768 meliori
871 2709 997 2770 credere
1012 2728 1075 2769 non
1089 2709 1165 2768 vis?

373 2802 451 2873 Quis
465 2803 581 2863 circum
598 2823 693 2882 pagos
708 2811 741 2865 et
754 2805 872 2865 circum
888 2805 1027 2883 compita
1041 2824 1168 2883 pugnax

373 2899 491 2977 Magna
504 2900 644 2959 coronari
658 2907 841 2961 contemnat
854 2901 1015 2981 Olympia,
1030 2902 1079 2962 cui
1097 2920 1178 2979 spes,

372 2990 431 3052 Cui
446 2992 490 3073 sit
503 2992 646 3052 condicio
660 2992 764 3053 dulcis
779 2994 847 3053 sine
863 2994 994 3072 pulvere
1009 2994 1158 3073 palmae?

410 3088 516 3150 Vilius
530 3095 692 3165 argentum
709 3096 759 3150 est
772 3109 857 3165 auro,
873 3090 1049 3152 virtutibus
1064 3110 1183 3151 aurum.

372 3185 418 3247 Ὀ
431 3186 525 3257 cives,
540 3186 635 3260 cives,
650 3187 830 3262 quaerenda
842 3187 978 3265 pecnnia
991 3189 1125 3265 primum
1141 3196 1207 3264 est3

370 3281 480 3343 Virtus
494 3289 567 3361 post
580 3301 724 3345 nummos
734 3285 761 3359 ;'
783 3283 860 3344 haec
875 3285 974 3345 Ianus
990 3304 1129 3345 summus
1143 3286 1183 3346 ab
1198 3286 1261 3346 imo

369 3378 532 3453 Producet,
547 3379 624 3440 haec
638 3379 786 3440 recinunt
800 3380 930 3442 iuvenes
946 3381 1066 3442 dictata
1080 3399 1241 3460 senesque,

369 3475 473 3537 Laevo
487 3476 631 3554 suspensi
646 3476 765 3538 loculos
780 3477 985 3556 tabulamque
999 3478 1124 3539 lacerto.

368 3571 428 3633 llst
441 3573 565 3634 animus
579 3574 647 3648 tibi,
663 3581 738 3634 sunt
753 3593 864 3650 mores,
880 3581 929 3635 est
943 3575 1054 3651 lingua
1067 3575 1216 3655 fidesque,

368 3667 430 3730 Sed
445 3670 684 3749 quadringentis
699 3690 754 3731 sex
769 3677 891 3750 septem
907 3672 995 3732 milia
1011 3673 1143 3749 desunt;

367 3766 461 3828 Plebs
476 3767 547 3828 eris.
590 3769 635 3827 At
648 3769 739 3846 pueri
753 3768 900 3831 ludentes
916 3770 1003 3829 ‘Rex
1019 3770 1102 3845 eris,'
1117 3770 1217 3847 aiunt,

367 3862 419 3923 ‘si
434 3871 517 3924 recte
532 3864 649 3925 facies!
693 3865 757 3926 Hic
771 3886 879 3928 murus
894 3885 1011 3927 aeneus
1025 3874 1109 3928 esto:

364 3960 422 4020 Nil
437 3961 577 4021 conscire
592 3962 661 4037 sibi,
676 3963 767 4022 nulla
780 3964 951 4042 pallescere
965 3964 1066 4043 culpa

364 4058 487 4132 Roscia,
503 4058 553 4117 dic
568 4058 668 4133 sodes,
683 4059 795 4120 melior
810 4060 862 4122 lex
875 4081 916 4122 an
932 4080 1097 4141 puerorum
1112 4070 1163 4123 est

364 4153 476 4235 Nouia,
492 4174 572 4233 quae
587 4175 715 4233 regnum
731 4164 816 4217 recte
829 4158 1023 4221 facientibus
1038 4160 1141 4235 offert,

290 4325 292 4329 Ι
363 4251 405 4311 Et
419 4253 559 4314 maribus
571 4253 678 4314 'Curiis
694 4259 726 4316 et
740 4254 910 4316 decantata
923 4256 1096 4318 Camillis?

363 4348 438 4409 lsne
451 4348 512 4409 tibi
526 4348 638 4413 melius
653 4352 774 4429 suadet,
788 4352 843 4432 qui
859 4372 923 4414 reru
941 4353 1049 4431 facias,
1064 4374 1141 4433 rem,
