3592 5067
377 924 443 993 ιν.)
479 901 481 907 ’
816 923 929 973 mnan
953 922 989 973 11.
1396 913 1439 979 63

490 1097 521 1160 d)
542 1095 643 1156 Proper
654 1095 756 1145 service
769 1095 791 1144 is
804 1095 949 1146 essentialz

574 1173 603 1233 l)
623 1170 1437 1238 'l'heservantsshouldheneataudthedishesclean‚7h-80;

572 1249 602 1311 2)
622 1247 668 1296 nll
681 1248 727 1297 the
739 1249 901 1297 accessories
913 1247 1009 1297 should
1024 1249 1057 1298 be
1071 1248 1179 1298 tasteiul
1193 1250 1246 1299 and
1259 1259 1330 1309 neat,
1345 1252 1434 1302 81—87.

439 1325 464 1375 3.
490 1325 596 1375 Horace
609 1322 736 1386 pretends
748 1328 776 1372 to
790 1324 822 1374 be
834 1324 938 1387 greatly
950 1322 1105 1386 impreased.
1146 1326 1196 1375 llis
1208 1328 1335 1376 sarcastic
1349 1327 1438 1378 words

571 1400 647 1450 show
660 1401 702 1449 his
714 1399 769 1449 real
781 1401 891 1462 opinion
904 1400 934 1450 oi
948 1401 1014 1451 such
1026 1399 1135 1465 trifling,
1149 1402 1204 1451 aud
1217 1402 1304 1452 reveal
1317 1403 1364 1453 the
1375 1417 1437 1465 pur-

571 1489 636 1539 pose
649 1477 677 1527 oi
689 1476 735 1525 the
747 1477 838 1535 satire,
852 1477 942 1527 88-95.

414 1563 440 1613 2.
465 1561 560 1613 Time:
579 1559 637 1610 The
649 1563 728 1609 exact
740 1558 802 1609 date
815 1560 838 1609 is
849 1560 991 1610 uncertain
1003 1580 1010 1624 ;
1028 1567 1077 1610 not
1088 1560 1159 1611 aiter
1170 1560 1203 1612 30
1217 1575 1270 1612 ac.

413 1690 488 1748 Hor.
507 1687 642 1749 Undeet
651 1706 714 1764 quo
722 1685 859 1747 Catius?
887 1688 952 1748 Cot.
970 1688 1041 1748 Non
1052 1695 1101 1749 cst
1109 1688 1188 1747 mihi
1196 1689 1434 1766 tempusavcnti

371 1785 492 1844 Ponere
507 1785 599 1859 signa
613 1783 704 1844 novis
720 1785 906 1862 praeceptis,
921 1785 1029 1861 qualia
1042 1785 1173 1845 vincunt

372 1881 574 1958 Pythagoran
590 1881 756 1959 Anytique
771 1899 858 1940 reum
874 1881 1064 1959 doctumque
1078 1882 1221 1943 Platona

371 1979 413 2037 H.
435 1980 604 2037 Peccatum
620 1978 731 2050 fateor,
748 1996 819 2036 curn
834 1985 866 2038 te
881 1978 926 2037 sic
942 1985 1082 2057 tempore
1098 1979 1187 2039 laevo

370 2073 623 2152 interpellarim3
647 2076 701 2134 sed
717 2074 772 2134 des
788 2075 911 2135 veniam
928 2076 1036 2150 bonus,
1051 2095 1114 2135 oro.

368 2171 458 2242 Quod
473 2171 500 2231 si
517 2170 715 2231 interciderit
729 2172 790 2231 tibi
806 2191 889 2232 nunc
904 2173 1036 2250 aliquid,
1052 2181 1175 2251 repetes
1190 2194 1272 2248 mox,

369 2268 442 2328 Sive
457 2275 506 2328 est
520 2276 651 2329 naturae
667 2269 725 2329 hoo
740 2268 807 2329 sive
822 2269 910 2343 artis,
928 2268 1024 2330 mirus
1039 2278 1182 2348 utroque.

371 2364 403 2425 Ο.
425 2365 509 2436 Quin
526 2366 558 2425 id
574 2373 641 2426 erat
655 2384 757 2440 curae,
774 2385 835 2444 quo
849 2374 943 2444 pacto
957 2375 1072 2428 cuncta
1085 2375 1233 2441 tenerem,

369 2462 490 2540 Utpote
506 2480 555 2523 res
570 2463 685 2536 tenuis,
701 2463 790 2522 tenui
806 2482 949 2523 sermone
965 2472 1115 2541 peractas.

369 2559 411 2617 H.
433 2560 501 2618 Ede
516 2558 653 2619 hominis
669 2578 792 2631 nomen,
807 2560 901 2621 simul
919 2567 959 2632 et,
976 2561 1136 2620 Romanus
1151 2580 1191 2621 an
1206 2563 1330 2639 hospes.
1405 2576 1433 2620 ιο

411 2654 443 2715 0.
473 2654 550 2731 Ipsa
563 2674 682 2714 memor
696 2663 864 2733 praecepta
877 2675 997 2730 canam,
1013 2657 1167 2716 celabitur
1182 2666 1297 2716 auctor.

368 2750 478 2826 Longa
491 2751 607 2826 quibus
623 2751 721 2810 facies
736 2751 804 2812 ovis
820 2752 888 2824 erit,
905 2752 962 2811 illa
977 2762 1141 2826 memento,

367 2848 415 2907 Ut
429 2845 497 2906 suci
513 2845 652 2907 melioris
667 2854 700 2906 et
714 2853 751 2907 ut
765 2849 866 2924 magis
881 2848 954 2907 alba
968 2851 1121 2923 rotundis,

366 2943 505 3016 Ponere3
528 2960 664 3019 namque
680 2961 796 3002 marem
811 2943 961 3003 cohibent
975 2945 1093 3006 callosa
1105 2946 1252 3006 vitellum

366 3038 441 3100 Cole
456 3038 636 3099 suburbano
651 3038 706 3115 qui
722 3038 813 3100 siccis
828 3039 928 3099 crevit
944 3040 976 3098 in
992 3042 1076 3117 agris

268 3162 269 3165 ¹
366 3136 513 3211 Dulcior;
531 3134 649 3210 irriguo
664 3134 745 3195 nihil
761 3143 809 3195 est
824 3136 942 3197 elutius
958 3136 1056 3197 horto.

367 3232 400 3292 Si
417 3231 616 3309 vespertinus
631 3231 737 3291 subito
752 3238 783 3291 te
798 3233 992 3310 oppresserit
1005 3235 1129 3313 hospes,

365 3328 415 3387 Ne
430 3328 550 3403 gallina
564 3328 682 3387 malum
698 3334 863 3405 responset
876 3330 957 3388 dura
971 3331 1087 3407 palato,

366 3424 485 3483 Doctus
501 3424 563 3483 eris
578 3425 684 3484 vivam
700 3432 806 3485 musto
821 3444 956 3485 mersare
971 3426 996 3485 F
998 3426 1124 3501 alerno;

366 3519 436 3580 Hoc
451 3526 592 3579 teneram
609 3521 712 3580 faciet.
757 3521 960 3582 Pratensibus
976 3523 1096 3599 optima
1111 3524 1218 3599 fungis

365 3616 489 3676 Natura
503 3623 568 3691 est;
591 3617 663 3677 aliis
679 3618 761 3677 male
776 3619 922 3678 creditur.
967 3619 1026 3679 Ille
1042 3620 1179 3680 salubris

365 3713 512 3773 Aestates
528 3720 665 3789 peraget,
682 3714 736 3790 qui
751 3714 850 3792 nigris
866 3715 1000 3793 prandia
1014 3716 1110 3777 moris

365 3809 480 3883 Finiet,
496 3816 569 3869 ante
584 3828 713 3891 grauem
729 3830 808 3888 quae
823 3812 936 3888 legerit
951 3814 1060 3873 arbore
1075 3812 1181 3873 solem.

365 3906 513 3967 Aufidius
529 3906 605 3965 forti
621 3907 774 3967 miscebat
788 3909 883 3969 mella
898 3908 1032 3969 Falerno
1041 3933 1049 3985 3

365 4004 526 4077 Mendose,
542 4005 691 4081 quoniam
709 4005 814 4065 vacuis
829 4007 1026 4067 committere
1040 4006 1131 4067 venis

364 4100 419 4160 Nil
435 4100 500 4160 nisi
514 4099 586 4160 lene
601 4101 708 4176 decet;
732 4101 795 4160 leni
811 4103 993 4180 praecordia
1007 4104 1110 4163 mulso

365 4190 525 4257 Prolueris
540 4198 661 4259 melius.
706 4199 738 4258 Si
754 4199 833 4258 dura
847 4201 1021 4260 morabitur
1035 4200 1135 4275 alvus,

366 4294 501 4353 Mitulus
517 4300 548 4353 et
563 4294 643 4355 viles
659 4294 780 4371 pellent
793 4296 953 4356 obstantia
967 4296 1103 4358 conchae
