3592 5067
376 863 440 931 130
774 875 1037 930 nrmrunnnuu
1398 869 1436 936 [1.

417 1049 548 1126 Ennius,
563 1056 596 1111 et
611 1050 738 1130 sapiens
752 1057 785 1111 et
799 1049 892 1111 fortis
904 1056 937 1111 et
951 1048 1032 1111 alter
1042 1049 1209 1124 Homerus,
1406 1042 1437 1089 ⁶⁰

376 1149 424 1209 Ut
438 1147 540 1209 critici
556 1148 675 1225 dicunt,
691 1149 805 1209 leviter
820 1167 928 1213 curare
942 1148 1077 1219 ridetur,
1498 1134 1501 1141 ’

374 1245 442 1316 Quo
454 1245 609 1328 promissa
623 1247 739 1307 cadant
754 1254 786 1307 et
801 1246 924 1324 somnia
938 1244 1143 1325 Pythagorea

373 1342 537 1427 Naeuius
530 1364 563 1403 m
579 1344 726 1405 manibus
740 1363 804 1404 non
819 1350 915 1404 estet
930 1342 1087 1423 mentibus
1102 1340 1210 1402 haeret

373 1422 477 1501 Paeii'e
493 1444 626 1502 recens?
671 1441 761 1502 Adeo
774 1447 917 1501 sanctum
932 1446 981 1501 est
996 1445 1085 1513 vetus
1096 1456 1187 1498 omne
1202 1453 1321 1516 poema

374 1538 554 1615 Ambigitur
571 1538 717 1618 quotiens
732 1544 804 1599 uter
818 1546 890 1599 utro
906 1538 948 1598 sit
962 1537 1056 1617 prior,
1072 1536 1178 1611 aufert

372 1635 529 1710 Pacuvius
544 1636 628 1696 docti
646 1637 765 1696 famam
780 1636 874 1740 serris,
891 1635 1005 1695 Accius
1020 1628 1112 1709 alti3

372 1732 497 1792 Dicitur
512 1732 628 1793 Afrani
644 1740 718 1812 toga
728 1710 914 1793 convenisse
929 1730 1111 1805 Menandro,

372 1828 504 1890 Plautus
519 1830 560 1890 ad
575 1829 737 1908 exemplar
752 1829 852 1889 Siculi
867 1845 1033 1907 properare
1047 1825 1238 1903 Epicharmi,

371 1925 504 1987 Vincere
519 1926 675 2005 Caecilius
691 1926 857 2024 gravitate,
874 1924 1039 1985 Terentius
1053 1929 1130 1984 arte

372 2021 440 2083 Hos
455 2023 568 2084 ediscit
583 2028 615 2082 et
629 2023 752 2083 host
702 2012 752 2082 art
753 2040 775 2081 o
786 2023 906 2100 stipata
918 2022 1041 2098 theatro

372 2118 532 2199 Spectat
514 2119 684 2191 Romat
628 2125 684 2197 pot
685 2137 751 2193 ens,
767 2118 862 2178 habet
877 2116 934 2178 hos
948 2120 1152 2192 numeratque
1167 2120 1275 2193 poetas

371 2215 423 2274 Ad
437 2220 578 2275 nostrum
595 2221 721 2294 tempus
737 2215 811 2275 Livi
826 2214 989 2291 scriptoris
1004 2212 1044 2272 ab
1057 2229 1142 2272 aevo.
1208 2222 1218 2233 “

411 2311 574 2371 Interdum
591 2313 703 2389 volgus
719 2317 839 2372 rectum
853 2310 957 2385 videt3
979 2315 1028 2370 est
1043 2308 1095 2369 ubi
1111 2312 1227 2386 peccat

371 2407 405 2467 Si
421 2414 541 2468 veteres
556 2407 602 2467 ita
618 2408 751 2467 miratur
766 2406 937 2483 laudatque
951 2411 1068 2485 poetas,

372 2505 419 2565 Ut
432 2503 512 2562 nihil
529 2504 695 2579 anteferat,
713 2503 796 2563 nihil
810 2502 876 2562 illis
891 2508 1059 2581 comparet,
1074 2507 1174 2578 errat3

370 2599 404 2661 Si
419 2600 573 2679 quaedam
589 2600 684 2660 nimis
700 2600 839 2677 antique,
855 2599 884 2659 si
899 2599 1046 2677 pleraque
1061 2598 1138 2658 dure

369 2696 481 2756 Dicere
496 2695 597 2757 credit
613 2715 674 2775 eos,
690 2695 804 2773 ignave
821 2695 923 2755 multa
937 2696 1066 2768 latetur,
1159 2736 1162 2742 ·
1188 2737 1191 2742 <
1215 2756 1222 2765 ,

369 2794 412 2852 Et
427 2794 511 2871 sapit
525 2799 558 2854 et
571 2813 694 2854 mecum
710 2792 790 2853 facit
804 2801 837 2853 et
851 2793 927 2853 love
945 2792 1065 2851 iudicat
1079 2766 1185 2898 aequo.

409 2891 482 2950 Non
496 2890 643 2969 equidem
659 2891 796 2950 insector
812 2889 984 2949 delendave
995 2887 1134 2948 carmina
1147 2886 1220 2947 Livi

368 2988 447 3048 Esse
461 3005 539 3062 reor,
552 2986 682 3071 memini
698 3004 778 3064 quae
793 2986 958 3079 plagosum
971 2985 1050 3044 mihi
1064 3003 1162 3063 parvo

369 3083 524 3145 Orbilium
540 3064 677 3159 dictare3
702 3084 757 3145 sed
772 3070 939 3143 emendata
952 3082 1053 3141 videri

368 3180 566 3258 Pulchraque
581 3186 614 3241 et
629 3180 749 3241 exactis
764 3180 932 3239 minimum
946 3178 1098 3239 distantia
1111 3178 1215 3237 miror.

368 3276 457 3337 Inter
472 3297 551 3355 quae
567 3279 697 3365 vedrlrum
712 3277 842 3337 emicuit
857 3277 884 3336 si
900 3277 982 3336 forte
997 3276 1151 3351 decorum,

368 3371 402 3432 Si
414 3392 522 3435 versus
538 3373 646 3452 paullo
661 3373 844 3434 concinnior
858 3393 939 3456 unus
954 3379 985 3433 et
995 3372 1084 3447 alter,

367 3469 489 3530 Iniuste
505 3477 606 3530 totum
622 3470 711 3531 ducit
727 3471 897 3549 venditque
912 3488 1029 3548 poema

368 3567 520 3643 Indignor
535 3568 704 3647 quicquam
719 3567 917 3647 reprehendi,
932 3586 993 3627 non
1005 3566 1081 3644 quia
1094 3583 1197 3628 crasse

367 3661 582 3747 Compositum
597 3665 775 3743 inlepideve
790 3670 929 3743 putetur,
944 3664 999 3726 sed
1013 3664 1088 3741 quia
1101 3681 1223 3742 nuper„
1246 3744 1249 3748 Ι
1333 3732 1335 3737 ,

366 3761 433 3821 Νοο
448 3745 573 3822 veniam
588 3763 738 3840 antiquis,
754 3763 809 3824 sed
824 3763 973 3822 honorem
988 3766 1021 3821 et
1034 3761 1173 3843 praemia
1187 3747 1281 3839 posci.
1325 3751 1328 3756 ⁵

367 3859 465 3919 Recte
475 3878 573 3920 necne
591 3879 714 3922 crocum
729 3861 883 3938 floresque
898 3858 1094 3939 perambulet
1107 3845 1204 3919 Attae

367 3955 525 4032 Fabula
501 3975 528 4016 ει
541 3958 693 4034 dubitem,
708 3959 845 4020 clament
856 3958 986 4052 periisse
1000 3958 1150 4036 pudorem

366 4051 478 4133 Cuncti
495 4073 592 4132 paene
606 4061 723 4134 patres,
738 4074 776 4116 ea
788 4074 860 4117 eum
875 4034 1101 4133 reprehendere
1116 4071 1217 4150 coner,

366 4150 450 4221 Quae
466 4152 571 4227 gravis
586 4153 739 4230 Aesopus,
755 4171 834 4230 quae
849 4152 960 4213 doetus
975 4153 1107 4213 Roscius
1122 4135 1203 4229 egit3

366 4248 425 4310 Vel
441 4248 516 4326 quia
529 4248 577 4308 nil
592 4254 722 4324 rectum,
736 4249 800 4310 nisi
815 4249 898 4328 quod
913 4250 1032 4328 placuit
1046 4249 1116 4324 sibi,
1132 4250 1260 4335 ducunt,
