3592 5067
377 959 446 1028 nr]
827 959 941 1009 arnna
964 958 985 1009 u
1395 947 1436 1014 11

377 1132 411 1194 Si
426 1136 547 1211 peteret
562 1148 618 1208 per
633 1129 804 1191 amicitiam
822 1132 922 1209 patris
938 1138 1032 1209 atque
1047 1149 1145 1207 suam,
1160 1150 1222 1191 non
1423 1149 1439 1193 5

375 1230 548 1308 Quicquam
564 1226 747 1305 proficeret;
770 1229 796 1288 si
812 1228 1017 1304 collibuisset,
1033 1230 1072 1288 ab
1087 1248 1146 1289 ovo

377 1327 486 1405 Usque
501 1325 540 1386 ad
556 1325 640 1385 mala
654 1326 765 1385 citaret
781 1324 829 1386 ‘io
844 1327 1003 1386 Bacchae’
1019 1327 1111 1386 modo
1125 1345 1247 1387 summa

375 1425 467 1499 Voce,
483 1423 575 1483 modo
590 1422 658 1495 hac,
674 1430 800 1482 resonat
815 1442 894 1501 quae
910 1423 1036 1484 chordis
1050 1430 1199 1502 quattuor
1213 1425 1285 1484 ima.

373 1521 430 1582 Nil
445 1520 575 1598 aequale
590 1520 711 1579 homini
727 1520 791 1579 fuit
807 1519 872 1579 illi:
896 1540 988 1599 saepe
1005 1522 1092 1581 velut
1106 1521 1160 1599 qui

375 1619 527 1681 Currebat
541 1618 667 1693 fugiens
683 1618 815 1692 hostem,
832 1637 983 1696 persaepe
999 1621 1086 1678 velut
1100 1618 1155 1697 qui
1407 1633 1437 1679 10

375 1716 506 1777 Iunonis
521 1733 609 1775 sacra
623 1715 737 1790 ferret3
760 1715 897 1776 habebat
911 1735 1003 1795 saepe
1019 1717 1178 1790 ducentos,

375 1814 473 1892 Saepe
488 1814 595 1873 decem
611 1831 735 1886 serv0s;
759 1814 852 1873 modo
867 1832 955 1890 reges
970 1821 1064 1890 atque
1080 1813 1263 1887 tetrarchas,

374 1910 489 1972 Omnia
502 1929 618 1985 magna
632 1908 773 1987 loquens,
790 1910 882 1970 modo
898 1911 966 1971 ‘Sit
982 1911 1059 1970 mihi
1076 1929 1184 1971 mensa
1197 1911 1298 1988 tripes
1312 1919 1345 1970 et

374 2008 500 2069 Concha
515 2007 591 2068 salis
607 2009 677 2086 puri
692 2016 725 2066 et
739 2015 821 2084 toga,
838 2026 918 2085 quae
933 2009 1102 2068 defendere
1118 2009 1229 2083 frigus,

373 2104 523 2175 Quamvis
536 2122 650 2178 crassa,
666 2106 780 2182 queat!
824 2106 958 2164 Deciens
973 2111 1106 2165 centena
1120 2105 1261 2166 dedisses
1407 2120 1435 2164 15

374 2201 459 2261 Huic
473 2220 575 2279 parce,
591 2202 700 2278 paucis
715 2209 875 2261 contento:
899 2203 1038 2281 quinque
1053 2202 1164 2263 diebus

372 2298 427 2358 Nil
444 2306 511 2358 erat
526 2299 559 2357 in
576 2298 694 2359 loculis.
739 2300 858 2359 Noctes
873 2300 1027 2376 vigilabat
1041 2301 1081 2359 ad
1097 2300 1199 2377 ipsum

373 2396 476 2471 Mane,
492 2396 575 2456 diem
592 2398 870 2464 totum-stertebat.
915 2398 971 2456 Nil
988 2398 1050 2456 fuit
1065 2416 1212 2475 umquam

373 2491 425 2552 Sic
438 2493 541 2569 impar
555 2493 624 2553 sibi.

678 2593 708 2650 N
712 2610 772 2651 nnc
787 2591 904 2667 aliquis
919 2592 1004 2651 dicat
1018 2591 1096 2650 mihi
1113 2592 1207 2668 ‘quid
1222 2593 1284 2651 tn?

371 2686 510 2746 Nullane
527 2687 622 2747 habes
638 2687 717 2746 vitia
728 2689 762 2745 ?'
806 2688 908 2747 Immo
923 2688 993 2762 alia,
1009 2696 1041 2747 et
1056 2689 1189 2748 fortasse
1205 2690 1333 2748 minora
1405 2701 1435 2745 ao

372 2783 517 2844 Maenius
532 2783 694 2843 absentem
709 2784 848 2843 Novium
863 2802 934 2843 cnm
951 2790 1100 2861 carperet,
1118 2785 1213 2844 ‘heus
1228 2786 1282 2844 tu’

371 2877 503 2949 Quidam
519 2880 565 2939 ait
580 2880 724 2954 ‘ignoras
739 2888 780 2951 te,
796 2898 835 2938 an
852 2887 887 2937 ut
902 2882 1044 2955 ignotum
1060 2881 1133 2939 dare
1150 2882 1239 2940 nobis

370 2975 473 3035 Verba
488 2983 580 3053 putas
592 2976 625 3034 ?’
670 2977 820 3051 ‘Egomet
836 2976 878 3034 rni
894 2977 1037 3050 ignosco'
1055 2978 1200 3036 Maenius
1217 2978 1329 3055 inquit.

371 3071 495 3132 Stultus
511 3080 542 3133 et
557 3072 718 3149 improbus
734 3073 785 3131 hic
800 3090 887 3131 amor
899 3078 947 3131 est
962 3074 1137 3149 dignusque
1153 3074 1264 3133 notari.

370 3168 448 3228 Cum
463 3176 519 3228 tua
532 3168 698 3246 pervideas
713 3169 812 3227 oculis
828 3169 912 3227 mala
926 3169 1031 3245 lippus
1048 3169 1195 3244 inunctis,
1403 3184 1433 3229 25

369 3264 433 3326 (lur
446 3266 479 3325 in
494 3265 664 3325 amicorum
681 3265 770 3324 vitiis
786 3273 852 3324 tam
866 3266 969 3324 cernis
985 3273 1120 3340 acutum,

368 3361 467 3431 Quam
483 3369 538 3422 ant
553 3362 661 3440 aquila
675 3369 730 3421 aut
744 3380 873 3439 serpens
889 3362 1106 3439 Epidaurius?
1150 3366 1194 3422 At
1208 3364 1267 3422 tibi
1282 3372 1392 3423 contra

368 3458 494 3533 Evenit,
510 3460 674 3536 inquirant
690 3459 820 3518 vitiant
835 3466 889 3518 tua
905 3479 1013 3519 rursus
1028 3468 1060 3518 et
1075 3459 1133 3518 illi.

410 3554 595 3615 iracundior
609 3562 658 3615 est
672 3556 789 3634 paullo,
806 3556 911 3615 minus
927 3563 1020 3633 aptus
1036 3558 1137 3615 acutis

368 3651 506 3712 Narib'ns
522 3653 632 3712 horum
648 3652 828 3726 hominnm,
852 3653 949 3712 rideri
965 3654 1064 3730 possit
1080 3672 1124 3728 eo,
1141 3654 1225 3730 quod
1402 3666 1431 3713 ³0

367 3748 531 3809 Rusticius
545 3756 637 3809 tonso
653 3756 726 3826 toga
742 3749 854 3809 defluit
871 3756 902 3808 et
918 3750 998 3809 male
1015 3749 1104 3810 laxus

368 3845 406 3904 In
422 3846 500 3923 pede
515 3846 637 3906 calceus
653 3846 778 3921 haeret,
801 3855 834 3905 at
849 3854 898 3906 est
913 3846 1022 3920 bonus
1039 3855 1074 3906 nt
1090 3848 1199 3907 melior
1214 3847 1264 3906 vir

367 3942 440 4002 Non
454 3943 536 4004 alius
552 3944 730 4021 quisquam,
743 3950 776 4003 at
791 3944 850 4003 tibi
866 3945 995 4018 amicus,
1011 3951 1044 4003 at
1059 3945 1218 4019 ingenium
1237 3945 1348 4021 ingens

367 4038 493 4100 Inculto
508 4040 587 4099 latet
601 4040 659 4100 hoc
674 4041 732 4100 sub
748 4059 884 4118 corpore.
930 4041 1073 4117 Denique
1088 4047 1119 4100 te
1135 4042 1240 4119 ipsum

367 4135 513 4210 Concute,
529 4156 602 4196 num
620 4157 684 4213 qua
697 4138 757 4197 tibi
773 4138 921 4197 vitiorum
939 4137 1090 4199 inseverit
1104 4138 1177 4198 olim

365 4231 490 4292 Natura
504 4241 559 4293 aut
573 4234 667 4293 etiam
684 4236 877 4295 consuetudo
893 4235 993 4310 mala;
1017 4254 1151 4313 namque

365 4328 396 4388 N
398 4330 528 4405 eglectis
542 4332 663 4391 urenda
677 4331 746 4391 filix
761 4332 937 4393 innascitur
952 4332 1043 4409 agris.
