3592 5067
610 186 955 387 E!
1191 378 1343 385 -.—-——

375 848 441 914 150
779 861 1041 916 srrsrunaruu
1363 862 1428 929 [111.

374 1033 542 1111 iratusque
558 1033 707 1097 Chremes
721 1034 844 1096 tumido
859 1034 1005 1111 delitigat
1020 1053 1090 1112 ore3

374 1132 418 1192 Et
432 1132 569 1208 tragicus
584 1132 769 1212 plerumque
783 1133 870 1193 dolet
886 1150 1029 1193 sermone
1043 1134 1184 1212 pedestri
1401 1145 1431 1193 ab

373 1229 532 1308 Telephus
546 1237 579 1290 et
593 1229 716 1305 Peleus,
733 1249 804 1291 cum
819 1237 985 1309 pauperet
1000 1229 1089 1291 exsul
1106 1237 1237 1309 uterque

374 1327 493 1386 Proicit
507 1327 663 1406 ampullas
678 1334 711 1388 et
725 1327 960 1405 sesquipedalia
974 1329 1078 1403 verba,
1113 1361 1116 1366 ·

374 1424 408 1484 Si
422 1430 511 1486 curat
525 1444 577 1486 cor
591 1425 764 1502 spectantis
779 1425 924 1500 tetigisse
939 1424 1088 1502 querella.

413 1522 444 1582 N
446 1541 486 1581 on
501 1522 579 1583 satis
594 1528 643 1582 est
657 1521 789 1599 pulchra
802 1540 870 1582 esse
885 1528 1048 1599 poemata;
1072 1521 1177 1583 dulcia
1190 1528 1283 1584 sunto

372 1618 416 1678 Et
429 1637 625 1697 quoacunque
640 1619 747 1679 volent
760 1619 901 1678 animum
916 1619 1070 1679 auditoris
1085 1627 1209 1695 agunto.

375 1716 421 1777 Ut
435 1716 610 1777 ridentibus
625 1716 774 1790 arrident,
790 1716 837 1775 ita
850 1715 1000 1776 flentibus
1015 1716 1131 1777 adsunt

372 1812 514 1871 Humani
529 1813 650 1872 voltus:
674 1813 701 1873 si
717 1813 766 1871 vis
781 1812 928 1888 medere,
945 1811 1113 1872 dolendum
1129 1819 1178 1874 est

372 1908 513 1968 Primum
528 1908 591 1987 ipsi
606 1908 682 1968 tibi:
706 1916 781 1969 tunc
796 1915 852 1968 tua
865 1927 915 1968 me
931 1909 1108 1969 infortunia
1121 1909 1256 1986 laedent,

371 1998 509 2082 Telephe
524 2005 575 2063 vel
591 2004 704 2079 Peleu;
726 2003 808 2064 male
824 2005 850 2064 si
865 2006 1014 2065 mandata
1030 2005 1177 2082 loqueris,

371 2102 438 2161 Aut
452 2101 628 2161 dormitabo
643 2107 697 2160 aut
712 2100 827 2161 ridebo.
871 2101 992 2161 Tristia
1005 2107 1161 2161 maestum

370 2197 500 2258 Voltum
515 2198 610 2258 verba
623 2198 744 2273 decent,
760 2197 873 2257 iratum
891 2197 986 2275 plena
998 2199 1165 2272 minarum,

369 2294 543 2354 Ludentem
561 2293 688 2368 lasciva,
704 2311 847 2352 severum
864 2293 947 2353 seria
961 2293 1056 2353 dictu.

369 2391 594 2451 Format·onim
611 2396 724 2449 natura
738 2389 825 2466 prius
839 2408 896 2450 nos
912 2390 999 2451 intus
1013 2390 1052 2450 ad
1068 2407 1192 2450 omnem

368 2488 578 2547 Fortunarum
593 2486 753 2561 habitum;
776 2485 865 2545 iuvat
878 2492 935 2545 aut
949 2486 1088 2564 impellit
1101 2487 1141 2547 ad
1156 2487 1246 2564 iram,

368 2585 435 2643 Aut
449 2584 489 2644 ad
503 2583 633 2642 humum
649 2598 787 2642 maerore
801 2582 890 2658 gravi
906 2581 1034 2643 deducit
1045 2589 1077 2642 et
1091 2584 1196 2670 qngit3

367 2679 444 2741 Post
458 2679 550 2739 effert
563 2678 662 2738 animi
676 2684 781 2738 motus
797 2678 970 2757 interprete
985 2679 1101 2754 lingua

368 2774 402 2835 Si
416 2775 550 2835 dicentis
566 2780 658 2834 erunt
672 2774 809 2834 fortunis
824 2774 943 2835 absona
957 2774 1052 2849 dicta,

367 2872 501 2931 Romani
516 2870 630 2931 tollent
644 2871 766 2948 equites
782 2870 968 2948 peditesque
983 2869 1179 2933 cachinnum

367 2967 516 3028 Intererit
530 2968 665 3027 multum
681 2967 813 3026 divusne
828 2967 976 3044 loquatur
991 2986 1031 3027 an
1047 2967 1148 3045 heros,

366 3066 551 3124 Maturusne
566 3082 661 3124 senex
676 3081 717 3123 au
731 3062 834 3123 adhuc
849 3062 980 3123 florente
995 3064 1125 3125 iuventa

367 3160 529 3234 Fervidus,
545 3167 576 3220 et
589 3168 735 3220 matrona
749 3166 859 3236 potens
875 3178 915 3220 an
932 3160 1042 3221 sedula
1055 3162 1172 3239 nutrix,

284 3277 291 3298 s
366 3258 540 3334 Mercatore
555 3275 651 3331 vagus
666 3255 807 3315 cultorne
824 3255 957 3317 virentis
972 3257 1076 3334 agelli,

365 3353 501 3415 Colchus
516 3371 556 3412 an
571 3353 731 3430 Assyrius,
748 3352 866 3413 Thebis
882 3353 1023 3414 nutritus
1039 3372 1080 3413 an
1095 3356 1198 3432 Argis.

406 3451 472 3510 Aut
487 3450 604 3509 famam
619 3467 748 3525 sequere
763 3455 818 3509 aut
832 3449 894 3510 sibi
908 3452 1128 3511 convenientia
1141 3452 1231 3529 finge.

366 3545 505 3624 Scriptor
519 3546 704 3605 honoratum
719 3546 746 3607 si
762 3545 844 3605 forte
861 3547 987 3624 reponis
1002 3546 1170 3626 Achillem,

366 3644 513 3722 Impiger,
529 3641 706 3717 iracundus,
723 3643 936 3719 inexorabilis,
951 3662 1021 3704 acer

365 3739 441 3802 Iura
454 3745 546 3815 neget
560 3738 621 3799 sibi
638 3746 720 3814 nata,
736 3739 815 3798 nihil
831 3760 893 3801 non
909 3741 1038 3818 adroget
1053 3743 1157 3805 armis.

365 3836 416 3897 Sit
431 3837 542 3895 Medea
554 3836 644 3896 ferox
660 3836 849 3914 invictaque,
865 3836 980 3899 flebilis
996 3839 1064 3914 Ino,

364 3933 508 4019 Perfidus
524 3932 625 4008 Ixion,
641 3934 679 3992 lo
693 3951 780 4009 vaga,
796 3934 898 3995 tristis
913 3934 1048 3996 Orestes.

366 4030 491 4108 Siquid
506 4030 706 4109 inexpertum
721 4048 849 4090 scaenae
864 4032 1035 4093 committis
1050 4039 1083 4092 et
1096 4034 1192 4096 audes

365 4127 533 4187 Personam
549 4128 685 4187 formare
699 4145 821 4202 novam,
838 4134 979 4187 servetur
994 4128 1033 4188 ad
1048 4128 1154 4205 imum,

365 4224 474 4296 Qualis
488 4224 527 4284 ab
542 4225 668 4302 incepto
681 4225 876 4302 processerit,
892 4231 925 4284 et
938 4224 1000 4286 sibi
1013 4233 1142 4291 constet
