3592 5067
374 961 413 1028 1.]
826 958 939 1009 maan
963 957 984 1007 1.

410 1131 558 1207 Denique
574 1130 617 1191 sit
632 1129 706 1190 finis
720 1131 903 1207 quaerendi,
919 1149 1053 1208 cumque
1068 1130 1184 1192 habeas
1200 1131 1281 1209 plus,

369 1227 560 1307 'Pauperiem
576 1232 698 1287 metuas
714 1228 820 1287 minus
835 1235 867 1287 et
881 1227 973 1287 finire
988 1227 1126 1288 laborem

372 1325 521 1404 Incipias,
537 1331 628 1402 parto
643 1324 727 1401 quod
742 1326 866 1399 avebas,
881 1343 921 1384 ne
938 1325 1036 1385 facias
1052 1325 1136 1403 quod

372 1421 556 1485 Ummidius
571 1421 709 1498 quidam.
752 1420 826 1481 Non
841 1421 935 1497 longa
949 1428 998 1481 est
1013 1420 1135 1482 fabula:
1158 1422 1257 1499 dives,
1404 1440 1435 1486 so

372 1523 419 1583 Ut
433 1518 599 1580 metiretur
613 1536 767 1592 nummos,
784 1519 830 1578 ita
844 1519 1000 1594 sordidus,
1015 1526 1052 1579 ut
1066 1537 1099 1580 se

369 1618 401 1679 N
403 1636 444 1677 on
459 1634 607 1693 umquam
624 1634 715 1675 servo
729 1615 842 1675 melius
860 1616 999 1688 vestiret,
1016 1617 1169 1693 adusque

371 1717 559 1793 Supremunr
575 1720 710 1790 tempus,
727 1731 766 1771 ne
782 1732 815 1772 se
829 1713 963 1790 penuria
976 1713 1079 1774 victus

369 1812 580 1890 Opprirneret,
596 1810 763 1870 metuebat.
807 1811 852 1869 At
866 1809 950 1869 hunc
966 1808 1080 1871 liberta
1094 1810 1196 1871 securi

370 1909 489 1969 Divisit
504 1907 652 1979 medium,
668 1906 843 1966 fortissima
858 1907 1122 1984 Tyndaridarum.
1388 1926 1432 1972 100

411 2004 508 2075 ‘Quid
523 2003 566 2061 mi
582 2003 680 2078 igitur
696 2004 832 2063 suades?
863 2005 911 2064 Ut
925 2005 1029 2063 vivam
1044 2005 1195 2080 Naevius,
1211 2012 1266 2066 aut
1281 2006 1326 2068 sic

369 2103 417 2163 Ut
431 2100 695 2160 Nomentanus?'
737 2100 847 2176 Pergis
863 2101 1038 2177 pugnantia
1053 2120 1159 2161 secum

369 2197 540 2258 Frontibus
555 2196 698 2257 adversis
713 2215 915 2275 componere;
938 2217 1000 2256 non
1016 2216 1081 2274 ego,
1097 2217 1227 2258 avarum

368 2296 445 2357 Cum
463 2300 535 2354 veto
550 2301 582 2353 te
597 2293 674 2367 fieri,
692 2312 826 2371 vappam
842 2295 934 2355 iubeo
948 2312 984 2354 ac
1000 2294 1195 2356 nebulonem.

367 2392 427 2452 Est
441 2392 524 2451 inter
538 2391 661 2451 Tanain
677 2391 827 2468 quiddam
842 2410 1046 2469 socerumque
1061 2392 1182 2453 Viselli.
1388 2410 1431 2456 105

367 2490 426 2549 Est
441 2488 553 2549 modus
568 2489 602 2546 in
617 2489 719 2561 rebus,
735 2495 808 2548 sunt
823 2488 901 2548 certi
917 2489 1053 2567 deniqne
1068 2489 1155 2565 flues,

367 2585 451 2657 Quos
466 2586 549 2645 ultra
566 2586 707 2662 citraque
723 2586 833 2662 nequit
847 2587 1020 2645 consistere
1036 2595 1164 2647 rectum.

407 2682 499 2755 Illuc,
515 2681 599 2739 unde
613 2681 687 2755 abii,
703 2682 804 2753 redeo,
821 2682 874 2758 qui
891 2701 991 2756 nem0,
1007 2690 1043 2742 ut
1057 2703 1180 2761 avarus,

368 2778 406 2838 Se
422 2777 534 2856 probet
548 2796 584 2836 ac
599 2777 704 2855 potius
720 2777 828 2836 laudet
842 2778 969 2839 diversa
982 2780 1154 2856 sequentis,

367 2875 517 2951 Quodque
532 2873 637 2932 aliena
651 2872 773 2949 capella
787 2880 875 2949 gerat
890 2874 1060 2935 distentius
1077 2876 1162 2951 uber,

367 2970 529 3043 Tabescat,
544 2987 646 3046 neque
661 2988 694 3029 se
711 2971 821 3029 maiori
838 2972 1058 3048 pauperiorum

366 3068 490 3127 Turbae
504 3073 673 3145 comparet,
689 3067 772 3125 hunc
786 3073 881 3144 atque
896 3067 979 3126 hunc
995 3088 1140 3146 superare
1155 3070 1283 3132 laboret.

278 3198 283 3207 ·
367 3164 418 3224 Sic
432 3162 601 3225 festinanti
618 3181 740 3241 semper
755 3161 941 3240 locupletior
956 3165 1069 3239 obstat,

368 3263 421 3335 Ut,
438 3280 507 3321 oum
524 3260 700 3320 carceribus
716 3260 828 3320 missos
843 3261 927 3337 rapit
942 3262 1061 3336 ungula
1073 3281 1193 3338 currus,

367 3359 471 3417 Instat
485 3356 575 3434 equis
590 3357 700 3433 auriga
714 3375 787 3416 suos
802 3358 1011 3431 vincentibus,
1027 3358 1118 3417 illurn

366 3454 576 3515 Praeteritum
591 3461 735 3513 temnens
750 3461 907 3513 extremos
922 3455 1006 3514 inter
1020 3462 1156 3516 euntem.

406 3552 485 3611 Inde
500 3550 547 3625 fit,
563 3557 599 3610 ut
614 3568 692 3623 ram,
708 3551 763 3628 qui
779 3569 812 3610 se
827 3551 946 3611 vixisse
961 3551 1088 3611 beatum

364 3648 459 3708 Dicat
473 3654 505 3707 et
520 3655 631 3708 exacto
645 3654 811 3707 contentus
826 3654 966 3725 tempore
982 3649 1050 3709 rita

365 3745 464 3807 Cedat
477 3744 525 3804 uti
540 3744 675 3804 conviva
688 3751 785 3818 satur,
800 3746 937 3822 reperire
952 3765 1113 3824 queamus.

405 3843 474 3902 Iam
489 3843 567 3903 satis
583 3848 647 3917 est;
670 3860 709 3901 ne
726 3860 774 3901 me
789 3842 928 3919 Crispini
944 3843 1060 3904 scrinia
1075 3844 1155 3922 lippi

278 3959 280 3964 ·
365 3939 559 4018 Compilasse
574 3945 675 4018 putes,
692 3938 821 3999 verbum
835 3958 899 4000 non
914 3939 1051 4017 amplius
1065 3942 1187 4001 addam.
