3592 5067
373 837 415 902 76
802 848 1004 902 snuuouuu
1084 844 1086 847 ’

341 1043 344 1054 ·
371 1021 438 1082 Aut
452 1020 528 1099 quia
540 1041 603 1083 non
617 1021 727 1084 firmus
743 1029 862 1084 rectum
876 1020 1033 1095 defendis,
1048 1020 1205 1082 ethaeros

369 1119 572 1197 Nequiquam
586 1139 683 1181 caeno
698 1121 827 1200 cupiens
842 1119 976 1179 evellere
994 1117 1144 1195 plantam.

369 1217 488 1277 Rornae
502 1237 556 1279 rus
571 1224 678 1297 optas3
701 1218 862 1278 absentem
876 1214 1013 1277 rusticus
1028 1215 1136 1274 urbem

369 1314 468 1375 Tollis
484 1315 525 1375 ad
539 1322 626 1376 astra
638 1315 728 1376 levis.
772 1314 806 1375 Si
821 1332 974 1392 nusquam
989 1332 1023 1374 es
1038 1313 1122 1373 forte
1136 1321 1264 1373 vocatus

369 1411 421 1473 Ad
435 1430 553 1489 cenam,
567 1412 679 1474 laudas
695 1431 838 1473 securum
852 1411 945 1473 holus
959 1429 1004 1484 ac,
1019 1410 1108 1470 velut
1121 1427 1253 1487 nsquam

368 1510 503 1571 Vinctus
518 1529 581 1586 eas,
595 1510 688 1570 itate
702 1509 828 1570 felicem
844 1508 925 1569 dicis
938 1526 1096 1586 amesque,

368 1607 457 1678 Quod
472 1626 628 1685 nusquam
643 1607 703 1668 tibi
718 1607 762 1668 sit
777 1607 957 1685 potandum.
1000 1604 1134 1667 Iusserit
1148 1605 1189 1665 ad
1203 1622 1237 1664 se

368 1705 534 1765 Maecenas
549 1722 652 1764 serum
671 1704 730 1766 sub
744 1704 866 1764 lumina
880 1705 983 1783 prima
996 1704 1104 1764 venire

368 1800 557 1863 Convivam:
580 1800 721 1861 ‘Nemon
736 1800 839 1862 oleum
857 1801 919 1861 fert
933 1800 1047 1860 ocius?
1068 1798 1175 1874 ecquis

368 1896 469 1958 Audit
478 1899 512 1956 ?'
534 1915 605 1957 cum
620 1916 734 1975 magno
747 1898 885 1958 blateras
899 1896 1033 1957 clamore
1046 1896 1204 1972 iugisque.

367 1993 510 2054 Mulvius
524 1999 557 2053 et
570 2012 706 2068 scurrae,
720 1994 779 2054 tibi
794 2012 856 2053 non
870 1994 1036 2053 referenda
1048 1992 1177 2071 precati,

367 2090 552 2151 Discedunt.
596 2090 741 2149 ‘Etenim
756 2091 858 2150 fateor
872 2108 920 2149 me
932 2091 940 2120 ’
955 2090 1071 2149 dixerit
1085 2087 1150 2163 ille,

367 2187 465 2247 ‘Duci
480 2193 590 2246 ventre
606 2186 716 2261 levem,
731 2205 842 2246 nasum
858 2185 967 2245 nidore
981 2186 1120 2263 supinor,

367 2282 560 2359 Imbecillus,
576 2282 669 2357 iners,
685 2282 804 2360 siquid
820 2282 877 2356 via,
893 2282 982 2355 adde,
998 2282 1122 2361 popin0.

367 2382 415 2439 Tu
430 2398 500 2440 cum
516 2380 560 2440 sis
576 2380 660 2456 quod
672 2397 729 2454 ego
743 2384 776 2437 et
790 2379 937 2438 fortassis
951 2378 1090 2455 nequior,
1105 2376 1190 2436 ultro

366 2476 526 2537 Insecterc
539 2475 628 2535 velut
642 2474 762 2550 melior,
777 2474 942 2552 verbisque
957 2475 1077 2534 decoris

367 2571 525 2633 Obvolvas
540 2572 698 2631 vitium?’
740 2571 831 2644 Quid,
847 2570 874 2631 si
889 2589 939 2631 me
954 2570 1080 2631 stultior
1094 2570 1164 2649 ipso

365 2668 555 2744 Quingentis
569 2674 675 2747 empto
688 2667 847 2728 drachmis
861 2668 1087 2745 deprenderis?
1128 2667 1231 2725 Aufer

366 2766 420 2826 Me
435 2765 524 2825 voltu
538 2772 672 2841 terrere;
694 2784 821 2824 manum
836 2765 1093 2842 stomachumque
1107 2770 1223 2838 teneto,

366 2863 451 2922 Dum
465 2881 545 2940 quae
560 2862 699 2940 Crispini
713 2862 821 2922 docuit
834 2879 883 2920 me
898 2861 1013 2921 ianitor
1026 2862 1090 2922 edo.

407 2960 452 3020 Te
466 2959 604 3019 coniunx
617 2957 722 3018 aliena
735 2958 828 3035 capit,
844 2958 1042 3017 meretricula
1055 2959 1198 3018 Davum:

366 3056 477 3117 Evasti
486 3079 494 3132 3
517 3055 619 3131 cred0,
634 3061 754 3115 metues
770 3055 940 3132 doctusque
954 3056 1086 3115 cavebis.

366 3153 511 3228 Quaeres,
526 3153 652 3230 quaudo
666 3154 779 3213 iterum
795 3171 910 3231 paveas
925 3153 1099 3230 iterumque
1113 3152 1216 3231 perire

366 3250 483 3323 Possis,
498 3268 517 3309 o
531 3250 647 3310 totiens
662 3251 787 3310 servus!
830 3249 914 3318 Quae
928 3248 1029 3324 belua,
1044 3249 1147 3326 ruptis
1394 3260 1425 3305 70

366 3347 445 3406 Cum
459 3345 555 3406 semel
571 3345 691 3422 effugit,
706 3345 812 3405 reddit
827 3363 860 3405 se
874 3363 972 3424 prava
985 3345 1131 3404 catenis?

367 3443 456 3502 ‘Non
472 3461 541 3501 sum
556 3442 720 3501 moechus'
735 3442 790 3502 ais.
833 3442 946 3519 Neque
959 3460 1024 3517 ego,
1039 3440 1175 3516 hercule,
1189 3440 1252 3516 fur,
1267 3440 1321 3500 ubi
1338 3458 1413 3499 vasa

356 3527 533 3609 ‚Praetereo
547 3538 673 3616 sapiens
687 3545 842 3614 argentea
885 3537 975 3599 Tolle
989 3536 1159 3617 periclum3
1210 3606 1212 3610 7

366 3636 433 3697 Iam
449 3655 530 3712 vaga
543 3635 687 3714 prosiliet
699 3635 800 3695 frenis
815 3642 929 3696 natura
941 3636 1076 3697 remotis.

365 3733 455 3793 Tune
468 3732 547 3792 mihi
563 3729 718 3807 dominus,
733 3739 836 3792 rerum
851 3732 992 3810 imperiis
1007 3733 1231 3811 hominumque
1392 3742 1423 3790 to

366 3830 427 3889 Tot
440 3828 602 3906 tantisque
616 3829 728 3904 minor,
742 3847 835 3906 quern
850 3834 899 3887 ter
913 3829 1054 3889 vindicta
1067 3836 1240 3907 quaterque

365 3926 520 4004 Imposita
532 3925 619 3986 haud
632 3943 780 4004 umquam
795 3924 912 3985 misera
925 3926 1093 3986 formidine
1108 3926 1239 4004 privet?

351 4023 456 4084 -Adde
471 4041 565 4101 super
579 4022 674 4083 dictis
689 4023 772 4099 quod
787 4041 849 4092 non
863 4022 965 4082 levius
979 4023 1098 4099 valeat3
1120 4041 1194 4083 nam

366 4121 439 4181 Sive
454 4120 589 4180 vicarius
603 4126 661 4194 est,
677 4120 731 4198 qui
746 4137 836 4180 servo
850 4126 948 4198 paret,
963 4120 1011 4180 uti
1025 4139 1092 4180 mos

364 4217 478 4278 Vester
492 4217 547 4293 ait,
563 4234 619 4277 seu
632 4234 818 4292 conservus3
840 4216 900 4277 tibi
916 4216 992 4295 quid
1007 4237 1075 4278 sum
1090 4220 1173 4293 ego?
1215 4219 1338 4296 Nempe
1391 4229 1422 4275 ao
