3592 5067
370 844 412 909 28
795 856 1001 908 snuuouuu

368 1028 435 1100 Quo
450 1029 540 1108 pueri
554 1030 679 1107 magnis
693 1049 710 1091 e
725 1030 963 1091 centurionibus
977 1030 1048 1105 orti,

368 1127 474 1186 Laevo
489 1129 636 1206 suspensi
650 1127 770 1190 loculos
784 1127 988 1206 tabulamque
1002 1128 1129 1205 lacerto,

368 1224 463 1286 Ibant
478 1232 606 1287 octonos
621 1227 795 1287 referentes
810 1226 921 1286 Idibus
936 1225 1027 1301 aeris,

368 1321 430 1382 Sed
446 1342 578 1401 puerum
593 1329 642 1384 est
657 1342 751 1385 ausus
767 1325 900 1384 Romam
916 1330 1040 1402 portare
1055 1324 1229 1384 docendum

367 1420 467 1495 Artis,
482 1440 561 1499 quas
576 1422 688 1482 doceat
702 1421 809 1500 quivis
823 1440 918 1499 eques
932 1427 1027 1499 atque
1042 1426 1168 1481 senator

368 1517 474 1578 Semet
488 1526 666 1597 prognatos.
710 1519 838 1580 Vestem
855 1537 1025 1597 servosque
1040 1517 1212 1596 sequentis,

368 1615 407 1674 In
422 1634 535 1690 magno
551 1623 587 1675 ut
601 1616 726 1694 popula
742 1616 769 1677 si
785 1616 840 1696 qui
855 1616 997 1690 vidisset,
1010 1616 1097 1675 avita

367 1712 416 1771 Ex
432 1731 465 1771 re
479 1713 622 1791 praeberi
638 1719 783 1791 sumptus
798 1713 877 1772 mihi
892 1713 1034 1773 crederet
1048 1712 1129 1773 illos.

366 1808 441 1886 Ipse
455 1808 535 1867 mihi
550 1816 657 1870 custos
672 1810 963 1887 incorruptissimus
977 1809 1080 1869 omnis

367 1904 491 1965 Circum
508 1905 650 1966 doctores
665 1906 781 1965 aderat.
825 1906 909 1976 Quid
923 1906 1049 1965 multa?
1092 1905 1255 1979 Pudicam,

366 2000 427 2071 Qui
443 2002 564 2079 primus
580 2002 709 2062 virtutis
723 2002 832 2077 honos,
848 2003 988 2062 servavit
1002 2003 1041 2063 ab
1055 2002 1140 2062 omni

366 2098 440 2156 Non
456 2098 556 2156 solum
573 2098 667 2171 facto,
683 2117 790 2157 verum
807 2098 975 2176 opprobrio
988 2116 1112 2176 quoque
1127 2098 1229 2174 turpi3

367 2194 433 2253 Nec
450 2194 571 2267 timuit„
583 2194 644 2254 sibi
659 2213 699 2252 ne
714 2194 794 2253 vitio
810 2195 880 2271 quis
897 2201 1041 2267 verteret,
1056 2194 1132 2253 olim
1397 2204 1427 2249 aa

369 2290 402 2349 Si
417 2307 529 2368 praeco
543 2283 656 2367 parvas
672 2297 736 2365 aut,
752 2297 788 2349 nt
803 2291 866 2349 fuit
881 2292 958 2369 ipse,
973 2297 1097 2350 coactor

368 2387 530 2446 Mercedes
546 2405 710 2464 sequerer;
733 2405 835 2463 neque
850 2405 908 2461 ego
922 2405 1022 2446 essem
1038 2393 1177 2463 questus.
1215 2387 1261 2445 At
1275 2385 1333 2445 hoc
1344 2402 1427 2446 nunc

368 2483 451 2542 Laus
467 2482 515 2541 illi
531 2483 664 2543 debetur
678 2490 710 2543 et
724 2501 743 2543 a
757 2502 806 2542 me
821 2483 924 2559 gratia
938 2483 1043 2543 maior.

408 2579 464 2638 Nil
480 2598 529 2638 me
545 2581 705 2657 paeniteat
720 2599 830 2640 sanum
847 2580 948 2658 patris
962 2580 1072 2658 huius3
1093 2599 1191 2659 eoque

366 2676 398 2735 N
400 2695 449 2749 on,
465 2683 501 2735 ut
515 2695 629 2752 magna
644 2676 716 2737 dolo
730 2678 850 2737 facturn
865 2683 961 2753 negat
974 2696 1042 2738 esse
1058 2698 1114 2738 suo
1128 2698 1211 2756 pars,
1398 2690 1428 2735 90

366 2772 456 2843 Quod
471 2792 533 2832 non
549 2773 702 2850 ingenuos
716 2774 831 2834 habeat
845 2773 1008 2852 clarosque
1023 2776 1173 2852 parentis,

368 2869 419 2929 Sic
434 2887 483 2929 me
498 2870 676 2930 defendam.
719 2872 827 2948 Longe
842 2890 913 2931 mea
927 2871 1085 2949 discrepat
1099 2871 1170 2931 istis

367 2966 410 3025 Et
423 2985 484 3025 vox
500 2972 531 3024 et
545 2966 641 3042 rati03
664 2986 737 3027 nam
753 2968 780 3029 si
795 2975 910 3047 natura
924 2967 1046 3028 iuberet

367 3062 397 3120 A
411 3063 506 3123 certis
521 3064 614 3123 aunis
629 3082 741 3123 aevum
757 3083 894 3125 remeare
910 3070 1072 3141 peractum

367 3159 474 3235 Atque
490 3159 569 3219 alios
585 3160 688 3237 legere
704 3161 743 3220 ad
758 3162 876 3221 fastum
893 3180 1106 3240 quoscumque
1120 3160 1261 3239 parentis
1397 3174 1427 3221 95

367 3255 499 3333 Optaret
514 3256 574 3316 sibi
591 3257 733 3335 quisque,
750 3258 828 3318 meis
844 3264 1009 3318 contentus
1025 3258 1173 3319 honestos
1284 3292 1286 3296 ·

367 3352 518 3411 Fascibus
532 3360 565 3412 et
579 3353 667 3413 sellis
682 3353 799 3413 nollem
814 3354 893 3413 inihi
909 3373 1041 3428 sumere,
1056 3355 1185 3415 demens

367 3448 490 3508 Iudicio
505 3447 599 3525 volgi,
616 3468 711 3510 sanus
727 3450 862 3511 fortasse
878 3458 943 3526 tuo,
957 3451 1041 3529 quod

366 3545 492 3605 Nollem
508 3551 587 3607 onus
603 3546 688 3606 haud
702 3567 852 3625 nmquam
868 3549 981 3608 solitus
996 3554 1121 3627 portare
1135 3547 1311 3608 molestum.

340 3698 342 3702 .
366 3684 372 3698 .
406 3642 490 3701 Nam
506 3643 584 3702 mihi
600 3644 750 3703 continuo
765 3646 863 3704 maior
877 3646 1057 3721 quaerenda
1071 3646 1154 3705 foret
1168 3663 1217 3704 res
1386 3656 1429 3701 ια)

367 3739 473 3816 Atque
488 3739 648 3799 salutandi
664 3739 781 3818 plures,
797 3741 957 3801 ducendus
973 3747 1005 3800 et
1018 3761 1100 3801 unns

365 3836 408 3895 Et
422 3854 528 3895 comes
542 3836 633 3910 alter,
650 3836 751 3897 utine
767 3838 851 3899 solus
867 3858 961 3899 rusve
978 3856 1144 3918 peregreve

365 3932 503 4007 Exirem,
519 3934 628 4011 plures
645 3933 770 3996 calones
786 3941 879 4013 atque
895 3936 1010 3996 caballi

365 4029 530 4103 Pascendi,
546 4030 689 4091 ducenda
704 4032 864 4109 petorrita.
907 4034 1001 4093 Nunc
1017 4035 1095 4095 mihi
1110 4040 1200 4097 curto

320 4160 322 4163 >
366 4126 417 4186 Ire
432 4127 507 4187 licet
522 4127 608 4187 mulo
622 4128 673 4189 vel
689 4129 716 4189 si
732 4128 810 4190 libet
824 4148 922 4206 usque
938 4131 1118 4208 Tarentum,
1384 4145 1426 4191 105

366 4224 507 4285 Mantica
521 4225 571 4284 cui
587 4224 710 4285 lumbos
725 4244 817 4286 onere
833 4226 951 4287 ulceret
966 4235 1061 4307 atque
1075 4248 1169 4308 eques
1184 4249 1303 4308 armos;
1335 4287 1339 4293 .
