3592 5067
374 883 416 948 86
772 894 1036 948 nrrsrunnaum

374 1067 408 1128 Si
423 1067 537 1146 possis,
551 1076 645 1146 recte,
661 1069 688 1130 si
704 1073 775 1144 non,
791 1087 987 1147 quocumque
1003 1069 1094 1129 modo
1108 1086 1183 1141 rem,

373 1167 421 1227 Ut
435 1166 566 1244 propius
581 1173 704 1245 spectes
718 1167 885 1227 lacrimosa
898 1171 1043 1243 poemata
1056 1164 1139 1242 Pupi
1151 1188 1159 1240 ;

371 1264 424 1322 An
439 1263 496 1342 qui
510 1264 668 1326 Fortunae
682 1271 714 1326 te
728 1281 912 1341 responsare
926 1262 1077 1340 superbae

372 1361 521 1422 Liberum
532 1367 569 1421 ‘et
583 1367 721 1422 erectum
736 1379 883 1439 praesens
900 1359 1043 1419 hortatur
1058 1364 1090 1419 et
1104 1359 1219 1437 aptat?

411 1459 502 1530 Quod
516 1459 544 1520 si
558 1478 608 1520 me
622 1459 758 1539 populns
774 1459 933 1518 Romanus
948 1457 1030 1516 forte
1041 1452 1129 1533 r'oget
1142 1474 1198 1514 cur
1399 1465 1431 1511 ro

370 1558 445 1617 Non
460 1562 496 1616 ut
510 1557 684 1635 porticibus
699 1557 745 1617 sic
760 1554 885 1615 iudiciis
900 1555 989 1614 fruar
1002 1553 1112 1628 isdem,

369 1656 402 1714 N
404 1672 438 1715 ec
454 1673 567 1731 sequar
582 1660 637 1714 aut
652 1654 772 1730 fugiam
788 1671 868 1731 quae
883 1652 989 1729 diligit
1005 1650 1072 1729 ipse
1087 1650 1137 1710 vel
1152 1650 1229 1725 odit,

370 1751 455 1813 Olim
471 1750 556 1829 quod
569 1751 679 1829 volpes
694 1757 822 1828 aegroto
836 1758 929 1810 cauta
942 1748 1025 1809 leoni

371 1848 558 1925 Respondit,
572 1847 724 1907 referam:
748 1847 848 1919 ‘Quia
861 1866 911 1906 me
924 1846 1061 1922 vestigia
1073 1850 1201 1920 terrent,

371 1944 486 2005 Omnia
499 1951 531 2004 te
546 1945 713 2005 adversum
729 1944 914 2022 spectantia,
928 1943 1017 2003 nulla
1031 1943 1220 2003 retrorsum!
1398 1952 1428 1997 to

370 2039 471 2101 Belua
484 2040 656 2101 multorum
670 2060 705 2101 es
718 2041 867 2118 capitum.
910 2042 994 2100 Nam
1010 2039 1086 2117 quid
1102 2057 1217 2117 sequar
1230 2045 1286 2099 aut
1299 2037 1418 2115 quem?

369 2138 448 2198 Pars
464 2136 628 2197 hominum
642 2138 741 2212 gestit
754 2137 927 2197 conducere
941 2136 1083 2215 publica,
1106 2141 1182 2195 snut
1196 2135 1250 2213 qni

370 2234 496 2294 Crustis
511 2240 544 2293 et
558 2235 661 2312 pomis
676 2234 787 2294 viduas
803 2240 957 2294 venentur
970 2251 1091 2306 avaras,

369 2330 602 2408 Excipiantqne
617 2348 717 2403 senes,
732 2349 810 2407 quos
826 2330 857 2388 in
874 2329 996 2390 vivaria
1009 2330 1156 2405 mittant;

368 2425 482 2487 Multis
497 2426 619 2486 occulto
633 2427 748 2486 crescit
761 2445 811 2485 res
826 2426 962 2486 faenore.

1009 2524 1127 2584 Verum

367 2620 447 2679 Esto
461 2618 534 2680 aliis
549 2618 629 2679 alios
643 2620 738 2680 rebus
752 2620 929 2697 studiisque
943 2619 1061 2695 teneri,

367 2715 458 2776 Idem
473 2717 581 2776 eadem
596 2723 729 2793 possunt
742 2715 850 2776 horam
865 2716 979 2777 durare
994 2717 1188 2794 probantes?

367 2812 505 2872 ‘Nullus
521 2811 554 2870 in
570 2812 642 2871 orbe
658 2812 746 2873 sinus
762 2813 835 2873 Bais
850 2812 1010 2890 praelucet
1024 2812 1181 2872 amoenis'

368 2908 401 2968 Si
417 2908 500 2967 dixit
514 2908 621 2968 dives:
644 2907 731 2969 lacus
746 2914 778 2968 et
792 2927 876 2968 mare
891 2908 989 2969 sentit
1003 2925 1139 2968 amorem
1178 2900 1183 2907 ’

367 3004 563 3065 Festinantis
578 3004 640 3080 eri;
663 3005 713 3064 cui
728 3004 756 3064 si
771 3005 886 3065 vitiosa
899 3004 997 3065 libido

366 3101 492 3162 Fecerit
505 3100 691 3178 auspicium,
707 3101 800 3162 ‘Cras
814 3102 1007 3162 ferramenta
1019 3104 1161 3162 Teanum

366 3198 510 3273 Tolletis,
526 3198 628 3257 fabri?
671 3199 786 3258 Lectus
801 3197 934 3275 genialis
950 3199 982 3257 in
997 3198 1069 3258 aula
1083 3204 1152 3274 est;

366 3295 424 3355 Nil
439 3294 486 3354 ait
499 3312 569 3355 esse
583 3294 681 3372 prius,
695 3293 809 3355 melius
823 3293 870 3353 nil
884 3295 1002 3355 caelibe
1016 3295 1099 3354 vita:

368 3391 403 3452 Si
417 3410 480 3451 non
495 3396 553 3465 est,
569 3390 652 3451 iurat
665 3391 743 3451 bene
758 3390 834 3451 solis
848 3409 917 3451 esse
931 3391 1062 3452 maritis.

366 3489 434 3560 Quo
448 3494 571 3549 teneam
587 3487 692 3547 voltus
707 3494 881 3548 mutantem
896 3489 1011 3548 Protea
1025 3488 1132 3548 nodo?

367 3585 450 3658 Quid
465 3586 612 3664 pauper?
652 3584 750 3645 Ride:
772 3590 876 3645 mutat
889 3584 1045 3660 cenacula,
1060 3585 1168 3660 lectos,

367 3682 497 3757 Balnea,
511 3689 664 3757 tonsores,
677 3682 830 3742 conducto
845 3682 971 3758 navigio
986 3700 1083 3759 aeque

367 3781 511 3841 Nauseat
524 3797 560 3839 ac
574 3777 723 3857 locuples,
740 3797 833 3855 quem
849 3778 937 3838 ducit
951 3779 1042 3856 priva
1055 3778 1202 3838 triremis.

307 3926 311 3933 .
409 3877 443 3937 Si
458 3883 584 3937 curatus
598 3875 757 3953 inaequali
772 3881 897 3936 tonsore
912 3875 1043 3952 capillos

369 3973 507 4048 Occurri,
523 3973 616 4049 rides,
631 3974 658 4033 si
674 3973 756 4033 forte
770 3972 923 4033 subucula
936 3991 1033 4051 pexae

368 4073 458 4132 Trita
472 4072 581 4131 subest
593 4070 728 4146 tunicae,
743 4069 793 4128 vel
810 4071 836 4130 si
852 4075 927 4145 toga
940 4069 1074 4131 dissidet
1088 4070 1198 4150 impar,

368 4167 486 4243 Rides3
508 4167 594 4245 qnid,
609 4185 680 4227 mea
692 4186 763 4226 cum
778 4173 897 4246 pugnat
911 4169 1068 4228 sententia
1082 4187 1196 4244 secum,

369 4264 458 4337 Quod
472 4265 565 4347 petiit
579 4265 709 4346 spernit,
724 4264 840 4344 repetit
855 4265 937 4344 quod
952 4284 1051 4346 nuper
1065 4265 1182 4340 omisit,
