3592 5067
376 860 417 928 14
799 860 1006 931 sxnuouuu
1361 876 1427 947 [uu
1498 924 1503 932 .

372 1049 498 1128 Oppida
512 1059 683 1130 coeperunt
697 1053 818 1114 munire
833 1060 866 1115 et
879 1072 995 1133 ponere
1011 1053 1103 1133 leges,
1386 1064 1431 1112 100

371 1147 421 1207 Ne
436 1149 507 1225 quis
523 1149 574 1208 fur
588 1158 680 1224 esset,
696 1170 756 1212 neu
770 1151 861 1226 latro,
878 1171 938 1212 neu
954 1153 1026 1229 quis
1041 1151 1182 1227 adulter3

371 1246 448 1306 Iura
463 1246 591 1307 inventa
605 1257 690 1308 metu
705 1250 817 1308 iniusti
835 1249 954 1310 fateare
969 1268 1094 1311 necesse
1109 1255 1167 1323 est,
1387 1260 1428 1306 111

370 1343 525 1427 Tempora
540 1345 566 1405 si
581 1345 744 1422 fastosque
759 1348 839 1407 velis
854 1346 999 1407 evolvere
1015 1346 1133 1407 mundi.

410 1441 478 1501 Nec
493 1449 606 1502 natura
620 1449 725 1520 potest
740 1444 823 1504 iusto
837 1462 997 1504 secernere
1013 1445 1166 1521 iniquum,

369 1540 495 1600 Dividit
510 1547 545 1599 ut
561 1539 641 1600 bona
654 1541 798 1612 diversis,
814 1542 966 1617 fugienda
981 1541 1142 1619 petendis3

369 1637 437 1697 Neo
453 1638 558 1697 vincet
573 1639 654 1697 ratio
668 1637 735 1710 hoc,
751 1639 937 1699 tantundem
954 1646 989 1698 ut
1005 1646 1110 1718 peccet
1124 1637 1279 1716 idemque,
1386 1649 1430 1695 110

368 1733 567 1803 Quiteneros
582 1734 686 1794 caules
701 1734 795 1794 alieni
811 1736 943 1812 fregerit
957 1736 1040 1796 horti

370 1831 412 1888 Et
425 1832 480 1908 qui
495 1839 667 1891 nocturnus
683 1848 772 1890 sacra
785 1833 893 1892 divum
910 1833 1030 1909 legerit.
1075 1832 1170 1892 Adsit

369 1927 501 2003 Regula,
517 1928 654 2005 peccatis
669 1921 749 2002 quae
765 1947 880 2006 poenas
896 1930 1020 2006 inroget
1034 1948 1159 2005 aequas,

368 2023 418 2082 Ne
433 2026 552 2084 scutica
566 2023 695 2099 dignum
713 2024 855 2085 horribili
871 2033 989 2085 sectere
1004 2025 1135 2102 flagello.

368 2120 450 2179 Nam
466 2128 503 2178 ut
517 2119 620 2179 ferula
633 2120 745 2179 caedas
761 2122 908 2179 meritum
924 2122 1042 2181 maiora
1055 2122 1160 2182 subire
1385 2133 1429 2179 tao

367 2217 515 2290 Verbera,
531 2234 593 2274 non
609 2233 726 2291 vereor,
742 2235 810 2275 cum
828 2217 915 2277 dicas
929 2235 998 2278 esse
1015 2234 1103 2294 pares
1118 2233 1167 2275 res

298 2307 300 2312 ’
368 2313 467 2372 Furta
481 2312 655 2372 latrociniis
670 2322 702 2372 et
717 2315 839 2389 magnis
855 2332 954 2391 parva
968 2314 1095 2373 mineris

368 2408 460 2478 Falce
476 2411 647 2469 recisurum
664 2409 761 2468 simili
778 2417 817 2483 te,
834 2412 860 2471 si
876 2410 935 2469 tibi
951 2427 1080 2486 regnum

368 2506 560 2564 Permittant
575 2505 723 2564 homiues.

771 2601 803 2661 Si
819 2602 918 2675 dives,
934 2603 987 2679 qui
1004 2603 1129 2678 sapiens
1144 2609 1201 2678 est,

368 2699 409 2758 Et
424 2704 512 2758 sutor
527 2698 626 2757 bouus
642 2705 674 2757 et
688 2698 773 2758 solus
790 2699 945 2759 formosus
961 2705 993 2758 et
1008 2707 1056 2758 est
1070 2716 1134 2771 rex,
1383 2713 1426 2759 125

367 2795 431 2855 Cur
445 2804 536 2872 optas
551 2794 632 2870 quod
649 2793 772 2853 habes?
815 2796 905 2854 ‘Non
923 2796 1015 2867 nosti,
1030 2796 1106 2871 quid
1123 2798 1228 2871 pater'
1251 2795 1355 2872 inquit

368 2892 583 2970 ‘Chrysippus
597 2890 698 2949 dicat:
721 2892 848 2967 sapiens
863 2892 1007 2969 crepidas
1022 2892 1082 2951 sibi
1098 2909 1267 2967 numquam

366 2989 398 3048 N
400 3007 435 3048 00
450 2988 549 3049 soleas
565 2987 650 3061 10011,
665 2994 753 3047 sutor
766 2993 873 3047 tamen
888 2995 938 3048 est
952 2990 1097 3066 sapiens'
1139 2986 1224 3058 Qui?

367 3087 433 3147 ‘Ut
448 3086 591 3161 quamvis
607 3090 690 3143 tacet
706 3084 929 3161 Hermogenes,
945 3094 1054 3145 cantor
1068 3091 1173 3143 tamen
1189 3093 1282 3162 atque

367 3182 514 3258 Optimus
528 3187 577 3241 est
592 3180 783 3255 modulatum
806 3188 842 3241 ut
859 3182 994 3242 Alfenus
1010 3183 1098 3269 10101
1111 3182 1196 3240 omni
1382 3194 1427 3240 1³⁰
1442 3251 1444 3255 Α

283 3294 286 3298 ’
367 3277 499 3338 Abiecto
514 3280 724 3337 instrumento
738 3280 818 3337 artis
832 3278 1001 3355 clausaque
1016 3279 1146 3338 taberna

366 3376 487 3434 Tonsor
502 3381 586 3450 erat;
609 3375 735 3451 sapiens
750 3377 854 3451 operis
869 3376 915 3434 sic
929 3376 1067 3452 optimus
1081 3377 1183 3435 omnis

365 3472 425 3531 Est
440 3473 557 3548 opifex,
574 3472 659 3531 solus
673 3472 717 3530 sic
733 3472 807 3530 rex)
851 3471 983 3530 Vellunt
998 3471 1055 3531 tibi
1071 3470 1199 3530 barbam

366 3569 490 3629 Lascivi
507 3569 605 3646 pueri,
621 3585 699 3644 quos
713 3573 747 3625 tu
763 3568 824 3627 nisi
842 3568 928 3628 fuste
942 3586 1074 3639 coerces,

367 3666 520 3741 Urgueris
535 3666 627 3724 turba
641 3664 757 3723 circum
774 3672 806 3723 te
821 3670 926 3724 stante
941 3666 1097 3742 miserque

366 3762 535 3839 Rumperis
550 3769 582 3820 et
596 3761 701 3835 latras,
718 3779 900 3838 magnorum
917 3764 1052 3822 maxime
1067 3779 1180 3836 regum.

405 3859 454 3919 Ne
470 3859 596 3933 longum
613 3857 737 3930 faciam,
753 3858 826 3917 dum
842 3865 876 3917 tu
891 3858 1065 3935 quadrante
1080 3857 1219 3919 lavatum

365 3956 433 4014 Rex
450 3956 510 4016 ibis
526 3972 625 4031 neque
641 3962 673 4014 te
688 3955 853 4031 quisquam
871 3957 1007 4033 stipator
1022 3958 1163 4031 ineptum

364 4054 494 4112 Praeter
509 4053 689 4129 Crispinum
706 4054 885 4126 sectabitur,
901 4061 934 4113 01
949 4053 1026 4111 mihi
1042 4052 1150 4112 dulces

365 4149 533 4226 Ignoscent
548 4149 574 4208 si
590 4149 666 4225 quid
681 4167 810 4227 peccaro
825 4150 954 4223 stultus,
969 4150 1072 4221 amici,

365 4247 466 4324 luque
483 4248 581 4306 vicem
597 4245 722 4305 illorum
739 4250 843 4324 patiar
857 4246 974 4306 delicta
989 4246 1131 4320 libenter,

365 4343 576 4419 Privatusque
591 4344 690 4419 magis
707 4344 809 4403 vivam
826 4355 856 4403 te
872 4363 943 4421 rege
959 4345 1076 4405 beatus.
