3592 5067
371 961 425 1029 m]
817 962 930 1014 maan
954 961 991 1012 11.

373 1138 419 1200 Ut
433 1142 567 1197 noceant
581 1136 711 1213 homini,
726 1137 844 1212 credas,
860 1155 979 1198 memor
993 1136 1082 1197 illius
1097 1154 1196 1212 escae,

370 1234 456 1305 Quae
471 1233 607 1312 simplex
621 1234 697 1294 olim
712 1234 771 1295 tibi
787 1234 921 1310 sederit;
944 1241 978 1295 at
992 1233 1085 1294 simul
1101 1233 1181 1295 assis

372 1331 538 1392 Miscueris
554 1330 646 1405 elixa,
662 1331 756 1393 simul
772 1331 938 1410 conchylia
952 1333 1065 1407 turdis,

371 1429 487 1489 Dulcia
500 1448 534 1489 se
550 1429 582 1488 in
597 1429 692 1489 bilem
709 1434 835 1489 vertent
849 1429 1072 1507 stomachoque
1086 1429 1259 1491 tumultum
1406 1443 1437 1490 lo

372 1527 473 1587 Lenta
487 1527 570 1586 feret
585 1526 710 1604 pituita
755 1527 861 1603 Vides,
877 1533 914 1587 ut
927 1526 1068 1606 pallidus
1082 1528 1185 1589 omnis

370 1624 456 1685 Cena
469 1624 619 1701 desurgat
633 1624 755 1684 dubia?

794 1723 877 1794 Quin
892 1742 1005 1801 corpus
1020 1730 1168 1785 onustum

371 1820 539 1881 Hesternis
553 1819 642 1881 vitiis
657 1820 796 1881 animum
812 1840 937 1899 quoque
951 1828 1138 1898 praegravat
1152 1839 1224 1896 una,

370 1918 476 1994 Atque
490 1916 603 1993 adfigit
618 1917 713 1978 humo
728 1918 855 1979 divinae
870 1918 1060 1996 particulam
1075 1936 1178 1979 aurae.

370 2013 471 2088 Alter,
486 2014 539 2074 ubi
555 2014 640 2074 dicto
654 2015 750 2076 citius
764 2023 874 2075 curata
884 2016 988 2094 sopori

370 2111 513 2171 Membra
526 2110 624 2185 dedit,
641 2120 771 2188 vegetus
787 2113 981 2190 praescripta
995 2114 1035 2173 ad
1051 2112 1160 2172 munia
1173 2112 1283 2189 surgit.

410 2207 474 2268 Hic
489 2215 594 2267 tamen
610 2209 649 2268 ad
665 2209 778 2269 melius
794 2210 911 2287 poterit
924 2217 1137 2270 transcurrere
1152 2208 1328 2286 quondam

370 2304 443 2365 Sive
458 2305 542 2364 diem
559 2305 676 2366 festum
692 2306 815 2367 rediens
830 2306 995 2367 advexerit
1009 2324 1121 2381 annus,

370 2402 430 2462 Seu
445 2421 584 2463 recreare
600 2403 684 2462 volet
697 2410 863 2462 tenuatum
879 2421 1001 2481 corpus,
1019 2403 1134 2479 ubique
1159 2458 1162 2462 ,

369 2499 530 2559 Accedent
543 2500 628 2574 anni,
644 2506 677 2560 et
691 2500 819 2560 tractari
836 2500 963 2561 mollius
978 2508 1065 2560 aetas

370 2596 535 2656 Inbecilla
550 2596 651 2671 volet;
674 2596 733 2656 tibi
749 2598 900 2674 quidnam
916 2596 1044 2657 accedet
1058 2596 1097 2655 ad
1113 2596 1217 2672 istam,

368 2693 467 2764 Quam
484 2712 561 2771 puer
575 2700 608 2753 et
624 2693 748 2754 validus
763 2694 938 2770 praesumis
953 2693 1129 2768 mollitiem,
1145 2711 1201 2753 seu

368 2788 457 2849 Dura
471 2789 620 2849 valetudo
635 2790 783 2849 inciderit
797 2809 851 2849 seu
867 2790 958 2849 tarda
973 2792 1145 2849 senectus?

367 2886 545 2946 Rancidum
561 2906 671 2963 aprum
687 2887 811 2963 antiqui
828 2887 1009 2960 laudabant,
1025 2906 1087 2945 non
1103 2887 1178 2964 quia
1192 2907 1287 2949 nasus

369 2982 440 3042 Illis
455 2981 563 3042 nullus
578 2989 655 3056 erat,
671 2982 736 3056 sed,
751 2982 853 3057 credo,
869 2982 928 3041 hac
945 2991 1059 3055 mente,
1076 2984 1158 3060 quod
1176 2983 1290 3062 hospes

367 3079 503 3140 Tardius
518 3080 690 3140 adveniens
706 3080 854 3139 vitiatum
869 3080 1064 3139 commodius
1082 3099 1176 3157 quam

368 3176 530 3253 Integrum
546 3177 627 3236 edax
642 3177 788 3237 dominus
803 3183 1008 3237 consumeret.
1054 3177 1123 3237 Hos
1138 3179 1260 3238 utinam
1276 3179 1357 3239 inter
1462 3230 1464 3233 Α

367 3273 490 3334 Heroas
505 3281 612 3333 natum
629 3274 725 3333 tellus
742 3292 790 3333 me
806 3274 907 3351 prima
922 3274 1067 3333 tulisset!

407 3371 473 3431 Das
488 3370 609 3447 aliquid
625 3371 738 3445 famae,
754 3390 834 3448 quae
850 3372 988 3430 carmine
1003 3371 1122 3446 gratior
1136 3390 1242 3431 aurem

367 3467 508 3546 Occupat
521 3467 719 3528 humanam?
762 3467 905 3528 Grandes
921 3468 1043 3528 rhombi
1059 3469 1250 3546 patinaeque
1401 3482 1430 3528 eo

366 3566 493 3626 Grande
509 3566 616 3626 ferunt
631 3585 777 3627 unacum
794 3567 908 3626 damno
922 3565 1066 3626 dedecus.
1111 3565 1200 3625 Adde

369 3664 501 3723 lratrum
519 3674 675 3742 patruum,
692 3664 821 3737 vicinos,
838 3672 869 3724 te
885 3663 944 3722 tibi
960 3663 1105 3741 iniquum
1175 3731 1177 3735 Α

367 3763 407 3820 Et
423 3763 542 3823 frustra
557 3763 668 3823 mortis
683 3761 843 3840 cupidum,
859 3780 930 3821 cum
946 3760 1029 3820 derit
1044 3760 1148 3837 egenti

368 3864 420 3934 As,
436 3861 540 3939 laquei
558 3862 702 3941 pretium.
747 3861 856 3920 ‘Iure'
871 3860 977 3938 inquit
992 3858 1161 3918 ‘Transius
1177 3856 1248 3918 istis

367 3960 514 4036 Iurgatur
528 3961 650 4033 verbis;
673 3978 729 4036 ego
745 3958 913 4035 vectigalia
927 3975 1041 4033 magna
1385 3968 1429 4014 100

365 4058 565 4135 Divitiasque
581 4057 681 4118 habeo
695 4057 797 4117 tribus
809 4056 934 4133 'amplas
950 4055 1095 4130 regibus?

1131 4152 1215 4229 Ergo

365 4253 452 4324 Quod
468 4259 596 4331 superat
610 4272 672 4312 non
687 4258 737 4311 est
751 4252 864 4312 melius
880 4270 942 4328 quo
956 4250 1113 4312 insumere
1130 4250 1260 4326 possis?

365 4349 428 4412 Cur
442 4358 513 4429 eget
528 4350 676 4427 indignus
691 4349 857 4427 quisquam
873 4356 904 4409 te
920 4348 1045 4409 divite?
1087 4348 1189 4420 Quare
