3592 5067
380 966 462 1033 m]
832 958 946 1011 amsa
968 956 990 1010 t

379 1139 538 1217 Aspersus
552 1132 638 1194 volet
650 1131 684 1191 in
699 1148 843 1210 caupona
858 1130 982 1207 vivere;
1007 1147 1065 1190 nec
1078 1128 1134 1208 qui

378 1235 494 1310 Frigus
509 1229 644 1306 collegit,
661 1229 772 1289 furnos
787 1234 819 1288 et
832 1226 947 1288 balnea
960 1226 1069 1287 laudat

301 1333 304 1339 ’
379 1333 426 1394 Ut
441 1331 636 1390 fortunatam
650 1326 743 1404 plene
759 1324 956 1403 praestantia
970 1323 1086 1400 vitam,

376 1429 408 1489 N
410 1446 454 1502 ec,
470 1427 497 1488 si
513 1432 544 1486 te
560 1423 684 1484 validus
700 1422 867 1482 iactaverit
883 1421 1001 1482 Auster
1015 1421 1049 1480 in
1063 1421 1137 1497 alto,

377 1525 501 1585 Idcirco
515 1540 628 1583 navem
643 1527 730 1580 trans
747 1519 908 1595 Aegaeum
924 1536 1009 1578 mare
1023 1518 1150 1579 vendas.

376 1620 532 1683 Incolumi
548 1618 678 1679 Rhodos
693 1623 725 1677 et
740 1615 897 1695 Mytilene
913 1615 1045 1693 pulchra
1058 1616 1146 1692 facit,
1162 1615 1247 1694 quod

375 1710 517 1779 Paenula
531 1715 677 1788 solstitio,
695 1720 871 1792 campestre
886 1712 1046 1774 nivalibus
1060 1713 1156 1788 auris,

374 1816 437 1875 Per
453 1815 593 1875 brumam
609 1812 742 1886 Tiberis,
759 1810 874 1872 Sextili
890 1828 998 1870 mense
1011 1810 1161 1872 caminus.

374 1912 459 1971 Dum
473 1910 549 1970 licet
562 1928 599 1969 ac
614 1910 737 1969 voltum
751 1914 858 1969 servat
873 1907 1013 1967 Fortuna
1026 1908 1206 1985 benignum,
1407 1921 1437 1967 so

374 2007 493 2067 Rornae
509 2006 655 2066 laudetur
669 2005 780 2065 Samos
795 2011 828 2065 et
843 2004 939 2065 Chios
955 2010 987 2064 et
1001 2004 1130 2065 Rhodos
1144 2005 1265 2065 absens

414 2104 463 2164 Tu
477 2121 706 2181 quamcumque
721 2102 798 2163 deus
814 2101 873 2162 tibi
889 2100 1100 2161 fortunaverit
1115 2101 1223 2161 horam

373 2200 474 2261 Grata
487 2217 575 2260 sume
592 2218 685 2260 manu
700 2217 760 2259 neu
775 2197 882 2258 dulcia
896 2197 990 2258 differ
1004 2198 1037 2256 in
1051 2216 1178 2273 annum,

373 2297 420 2359 Ut
434 2315 631 2375 quocumque
645 2296 713 2356 loco
727 2295 838 2371 fueris,
854 2295 971 2356 vixisse
987 2294 1122 2355 libenter

371 2394 417 2454 Te
432 2393 536 2469 dieas;
560 2412 632 2453 nam
647 2394 673 2453 si
689 2393 770 2453 ratio
785 2398 816 2453 et
833 2392 1002 2471 prudentia
1015 2410 1114 2467 curas,

371 2490 445 2551 Non
460 2491 546 2551 locus
561 2490 654 2550 effusi
670 2489 733 2550 late
748 2489 844 2550 maris
859 2489 977 2549 arbiter
991 2489 1104 2564 aufert,

371 2586 510 2662 Caelum,
526 2606 589 2648 non
604 2588 745 2647 animum
760 2592 894 2661 mutant,
910 2586 965 2663 qui
981 2591 1069 2646 trans
1084 2604 1169 2647 mare
1184 2592 1321 2648 currunt.

371 2683 507 2744 Strenua
521 2702 577 2744 nos
593 2690 717 2743 exercet
731 2682 864 2758 inertia3
886 2681 1020 2743 navibus
1035 2690 1131 2761 atque

370 2779 538 2854 Quadrigis
553 2781 690 2858 petimus
705 2780 783 2839 bene
797 2779 912 2840 vivere.
956 2779 1044 2850 Quod
1059 2779 1142 2856 petis
1157 2779 1209 2839 hic
1222 2786 1282 2855 cst,

369 2875 430 2936 Est
444 2874 586 2951 Ulubris,
601 2876 725 2936 animus
741 2876 768 2937 si
783 2882 815 2935 te
830 2894 893 2936 non
908 2874 1015 2935 deficit
1029 2893 1156 2954 aequus.

858 3117 936 3177 XII.

771 3275 1031 3329 CONSOLATION.

408 3400 435 3451 1.
461 3398 589 3453 occasion
605 3397 635 3452 of
651 3399 700 3451 the
712 3398 838 3464 llplstla:
857 3398 945 3450 Iccius
956 3398 979 3450 is
991 3399 1162 3463 reproeented
1174 3401 1203 3451 ln
1220 3401 1296 3463 odes,
1310 3404 1328 3455 l.
1339 3404 1380 3467 29,
1395 3419 1427 3457 ss

366 3488 402 3525 on
413 3475 460 3525 tho
471 3475 549 3537 point
560 3474 589 3524 oi
602 3473 776 3538 abandoning
793 3475 839 3525 the
856 3474 939 3538 stndy
951 3474 980 3525 oi
996 3476 1165 3540 philosophy,
1180 3477 1208 3527 in
1220 3478 1301 3529 order
1311 3485 1340 3529 to
1351 3494 1386 3545 go
1397 3487 1427 3531 to

365 3550 469 3600 Arabia
479 3551 507 3600 in
520 3549 614 3600 search
626 3548 656 3598 oi
667 3550 773 3600 wealth
809 3550 851 3600 lle
861 3551 883 3601 is
892 3563 954 3600 now
962 3560 1124 3614 procurator
1132 3552 1161 3602 oi
1173 3553 1319 3618 Agrippa’s
1327 3563 1427 3607 estates

364 3626 394 3675 ln
411 3625 501 3688 Sicily.
539 3626 581 3675 He
596 3639 682 3675 seems
699 3632 727 3675 ιο
741 3625 810 3675 have
826 3625 997 3689 complained
1012 3633 1041 3677 to
1058 3628 1162 3679 Horace
1179 3629 1208 3680 oi
1225 3629 1267 3680 his
1283 3630 1380 3682 iailure
1396 3633 1425 3682 in

364 3703 527 3765 attempting
538 3708 566 3751 ιο
578 3701 657 3751 malre
674 3714 691 3751 a
706 3701 824 3763 fortune,
838 3702 893 3752 aud
911 3702 1027 3765 perhaps
1038 3702 1097 3754 also
1109 3704 1139 3754 oi
1157 3705 1203 3755 the
1219 3704 1298 3756 small
1312 3718 1426 3759 amount

364 3777 394 3828 of
404 3778 468 3828 time
480 3778 568 3827 which
580 3777 614 3827 he
626 3777 705 3828 could
717 3776 813 3828 devote
825 3783 855 3829 to
867 3778 910 3829 his
921 3778 1029 3831 studies.
1070 3779 1128 3831 The
1140 3781 1245 3832 tonsol
1256 3782 1302 3833 the
1314 3783 1388 3847 reply
1401 3786 1425 3835 is

363 3867 415 3905 one
427 3853 456 3904 oi
466 3853 663 3917 good-natured
675 3853 793 3917 raillery.

404 3954 432 4003 2.
459 3953 583 4006 ondins:

430 4047 452 4095 1.
478 4045 564 4097 Iccius
581 4046 630 4097 has
647 4060 683 4097 no
700 4060 781 4099 cause
798 4052 827 4098 to
844 4047 987 4111 complain.
1026 4046 1133 4100 Wealth
1146 4048 1226 4100 could
1241 4049 1295 4101 add
1310 4052 1424 4118 nothing

559 4130 588 4174 to
602 4124 645 4173 his
658 4123 750 4187 bodily
763 4124 865 4184 health,
877 4123 932 4174 and
949 4125 1015 4175 such
1031 4139 1048 4175 a
1063 4131 1123 4177 true
1140 4126 1315 4191 philosopher
1332 4130 1422 4180 would

558 4199 587 4249 oi
598 4212 692 4250 course
704 4199 756 4250 live
768 4201 866 4264 simply
877 4201 965 4251 under
975 4215 1030 4264 any
1042 4203 1259 4265 circumstances,
1274 4206 1335 4255 l-il
1348 4223 1355 4268 ;

426 4275 450 4324 2.
477 4274 518 4325 He
530 4273 655 4327 deserves
665 4282 741 4339 grem
752 4275 839 4327 credit
850 4277 894 4328 ior
904 4276 1021 4341 keeping
1031 4291 1068 4341 up
1080 4278 1122 4329 bis
1134 4279 1247 4331 interest
1259 4281 1287 4330 in
1298 4282 1339 4331 his
1347 4281 1422 4333 stud·

558 4351 597 4401 ies
609 4352 638 4402 in
650 4352 720 4416 spito
732 4351 762 4403 oi
772 4352 816 4403 his
828 4353 1043 4418 businesscares,
1058 4355 1156 4418 12-20;
