3592 5067
275 822 279 827 ⁴
376 850 441 916 152
780 858 1045 912 censurarum

375 1034 501 1096 Gaudet
514 1033 604 1112 equis
618 1033 810 1113 canibusque
824 1040 857 1094 et
871 1033 969 1112 aprici
984 1031 1124 1109 gramine
1138 1031 1251 1111 campi,

375 1131 490 1193 Cereus
505 1131 537 1191 in
553 1131 667 1192 vitium
682 1131 777 1208 flecti,
791 1130 1001 1192 monitoribus
1015 1148 1116 1208 asper,

375 1229 514 1292 Utilium
528 1231 637 1291 tardus
653 1229 803 1309 provisor,
819 1229 970 1307 prodigus
984 1227 1075 1304 aeris,

374 1326 526 1390 Sublimis
540 1328 737 1408 cupidusque
751 1333 784 1388 et
797 1333 904 1387 amata
918 1325 1096 1404 relinquere
1109 1325 1230 1405 pernix

374 1425 540 1487 Conversis
556 1426 671 1486 studiis
685 1430 771 1486 aetas
786 1425 972 1503 animusque
987 1424 1090 1486 virilis

373 1522 502 1593 Quaerit
516 1542 590 1601 opes
605 1529 638 1584 ct
652 1523 819 1598 amicitias,
834 1522 968 1583 inservit
982 1522 1102 1598 honori,

373 1619 575 1681 Commisisse
589 1626 681 1681 cavet
695 1621 777 1698 quod
793 1639 865 1680 mox
879 1627 1002 1680 mutare
1017 1619 1146 1680 laboret.

373 1717 477 1777 Multa
491 1736 597 1778 senem
612 1718 864 1778 circumveniunt
879 1716 1084 1792 incommoda,
1099 1715 1150 1776 vel
1165 1717 1248 1794 quod
1302 1776 1310 1785 ,

373 1813 501 1884 Quaerit
514 1821 547 1874 et
560 1815 699 1876 inventis
714 1816 810 1876 miser
823 1815 963 1876 abstinet
976 1832 1012 1874 ac
1027 1814 1119 1874 timet
1133 1813 1194 1887 uti,

372 1909 431 1970 Vel
446 1912 530 1989 quod
544 1930 593 1972 res
608 1911 710 1972 omnis
725 1911 837 1971 timide
852 1911 1017 1990 gelideque
1031 1910 1202 1984 ministrat,

371 2006 505 2082 Dilator,
521 2026 577 2085 spe
590 2006 712 2084 longus,
728 2008 823 2083 iners,
838 2008 1013 2086 avidusque
1028 2007 1139 2082 futuri,

372 2101 528 2178 Difficilis,
543 2105 702 2183 querulus,
717 2104 862 2165 laudator
876 2103 1027 2181 temporis
1041 2103 1104 2163 acti

372 2198 412 2259 Se
426 2219 532 2278 puero,
547 2201 717 2278 castigator
730 2219 901 2277 censorque
916 2202 1082 2259 minorum.

371 2296 476 2356 Multa
488 2296 598 2357 ferunt
611 2298 687 2357 anni
702 2298 864 2357 venientes
879 2296 1043 2356 commoda
1056 2314 1170 2369 secum,

371 2391 476 2452 Multa
489 2394 669 2454 recedentes
683 2394 836 2453 adimunt.
879 2393 912 2452 N
913 2411 930 2451 e
943 2392 1027 2452 forte
1042 2390 1157 2451 seniles

370 2488 563 2549 Mandentur
578 2490 684 2550 iuveni
701 2496 806 2568 partes
821 2507 978 2567 pueroque
994 2488 1119 2548 viriles:

371 2585 500 2663 Semper
514 2586 546 2645 in
562 2586 719 2647 adiunctis
734 2604 874 2663 aevoque
889 2586 1081 2646 morabimur
1094 2586 1187 2662 aptis.

409 2682 478 2742 Aut
491 2683 594 2759 agitur
608 2702 658 2743 res
673 2683 707 2742 in
722 2684 843 2744 scaenis
858 2689 915 2742 aut
929 2690 1000 2742 acta
1012 2682 1157 2741 refertur.

370 2778 503 2855 Segnius
519 2779 653 2840 inritant
666 2781 787 2840 animos
802 2779 942 2840 demissa
955 2797 1011 2857 per
1025 2797 1131 2838 aurem

369 2874 468 2945 Quam
485 2893 563 2952 quae
578 2883 653 2936 suut
667 2876 766 2937 oculis
781 2876 924 2937 subiecta
937 2875 1085 2936 fidelibus
1099 2880 1132 2935 et
1145 2893 1226 2954 quae

369 2971 443 3050 Ipse
459 2971 520 3032 sibi
535 2972 634 3033 tradit
649 2979 823 3050 spectat0r3
846 2992 908 3033 non
924 2980 1031 3033 tamen
1046 2972 1133 3032 intus
1246 3047 1249 3051 λ

368 3068 474 3145 Digna
487 3068 553 3144 geri
568 3087 692 3147 promes
706 3071 740 3129 in
755 3088 899 3130 scaenam
914 3070 1076 3147 multaque
1090 3068 1183 3129 tolles

368 3166 417 3224 Ex
431 3165 539 3241 oculis,
554 3184 634 3244 quae
649 3176 722 3227 mox
736 3175 842 3228 narret
856 3166 1008 3227 facundia
1020 3183 1178 3245 praesens.

366 3262 417 3322 Ne
431 3280 543 3340 pueros
558 3281 661 3323 coram
676 3265 793 3342 populo
807 3264 921 3324 Medea
936 3263 1081 3337 trucidet,

367 3360 434 3417 Aut
447 3359 586 3419 humana
599 3360 704 3437 palam
718 3368 832 3439 coquat
845 3367 919 3420 exta
938 3359 1079 3420 nefarius
1093 3359 1219 3435 Atreus,

367 3455 434 3515 Aut
448 3455 480 3514 in
496 3474 585 3516 avem
599 3457 720 3517 Procne
735 3464 884 3532 vertatur,
900 3457 1037 3520 Cadmus
1052 3456 1085 3515 in
1100 3474 1241 3532 anguem.
1322 3510 1325 3515 ,

366 3551 588 3629 Quodcumque
602 3552 743 3614 ostendis
757 3554 837 3613 mihi
852 3553 906 3630 sic,
922 3553 1103 3613 incredulus
1116 3553 1178 3613 odi.
1262 3627 1263 3630 Ἴ

405 3649 495 3708 Neve
510 3649 611 3710 minor
625 3667 686 3709 neu
701 3650 745 3710 sit
759 3651 871 3728 quinto
884 3651 1066 3728 productior
1080 3655 1153 3710 actu

365 3745 493 3820 Fabula,
509 3765 588 3824 quae
603 3746 689 3824 posci
705 3746 772 3807 volt
786 3752 819 3806 et
833 3747 1005 3825 spectanda
1018 3746 1146 3824 reponi3

364 3842 432 3902 Nec
446 3843 523 3903 deus
539 3843 674 3917 intersit,
689 3844 751 3904 nisi
766 3844 880 3921 dignus
895 3843 1020 3903 vindice
1034 3844 1134 3904 nodus

365 3938 534 4015 Inciderit;
556 3958 613 4000 nec
628 3948 740 4018 quarta
754 3940 841 4019 loqui
856 3959 990 4019 persona
1003 3940 1132 4000 laboret.

404 4035 531 4096 Actoris
544 4038 645 4115 partis
658 4038 771 4098 chorus
785 4037 983 4115 officiumque
998 4037 1089 4097 virile

365 4132 533 4207 Defendet,
548 4152 609 4194 neu
624 4133 700 4211 quid
715 4134 832 4195 medios
848 4135 1017 4194 intercinat
1032 4141 1120 4195 actus

365 4229 452 4300 Quod
468 4248 529 4290 non
543 4229 704 4309 proposito
717 4231 871 4292 conducat
884 4238 917 4292 et
930 4231 1059 4292 haereat
1072 4239 1153 4310 apte.
