3592 5067
380 862 444 930 104
778 877 1042 929 nrrsrumaun

995 995 1060 1064 111

418 1049 478 1111 Cui
492 1067 557 1112 non
570 1050 738 1113 conveniet
752 1070 882 1127 suares,
897 1058 934 1112 ut
948 1050 1069 1112 calceus
1082 1031 1199 1128 olim“,⁴''

379 1147 412 1209 Si
426 1148 506 1226 pede
521 1148 619 1208 maior
634 1149 703 1224 erit,
720 1150 890 1225 subvertet,
906 1150 933 1209 si
949 1149 1059 1225 minor,
1074 1156 1151 1211 uret

378 1247 496 1306 Laetus
511 1253 594 1308 sorte
608 1254 664 1307 tua
677 1246 766 1308 vives
781 1246 948 1324 sapienter,
963 1247 1076 1324 Aristi,

339 1347 342 1354 '
377 1343 407 1403 N
410 1362 445 1403 eo
459 1362 509 1404 me
523 1344 667 1406 dimittes
681 1345 915 1422 incastigatum,
931 1345 985 1406 ubi
998 1344 1090 1424 plura

377 1440 495 1518 Cogere
510 1461 603 1521 quam
619 1442 696 1504 satis
711 1450 761 1504 est
775 1462 810 1504 ao
825 1462 887 1503 non
902 1462 1023 1504 cessare
1038 1443 1174 1505 videbor.

377 1539 518 1617 Imperat
531 1547 588 1600 aut
601 1541 701 1602 servit
714 1540 847 1602 collecta
861 1542 994 1620 pecunia
1007 1542 1129 1620 cuique,

377 1636 508 1697 Tortum
523 1638 619 1715 digna
633 1639 722 1717 sequi
738 1640 843 1717 potius
859 1656 952 1717 quam
968 1640 1079 1701 ducere
1095 1639 1212 1699 funem.

416 1735 505 1795 Haec
520 1735 579 1795 tibi
594 1736 752 1796 dictabam
767 1744 839 1815 post
853 1737 964 1797 fanum
979 1744 1069 1815 putre
1084 1738 1238 1811 Vacunae,

376 1831 518 1909 Excepto
531 1832 615 1909 quod
629 1833 802 1893 non'simul
816 1852 911 1909 esses,
925 1840 1030 1895 cetera
1043 1834 1153 1895 laetus.
1185 1897 1186 1900 ,
1402 1842 1434 1890 to

879 2074 941 2133 XL

726 2231 776 2283 ΟΝ
799 2230 1079 2285 CONTENTMENT.

697 2349 871 2399 Annrassen
888 2363 923 2399 ro
940 2349 1108 2399 Bororrros.

414 2416 443 2465 1.
467 2413 593 2468 ondins:

439 2507 462 2557 1.
489 2507 593 2593 Horace
610 2506 674 2557 asks
690 2506 734 2557 ior
751 2508 792 2557 bis
809 2506 921 2557 iriend’s
938 2507 1098 2570 impression
1116 2505 1145 2556 of
1160 2506 1206 2558 the
1223 2505 1312 2569 places
1328 2507 1363 2557 ho
1378 2506 1429 2558 has

436 2659 460 2707 2.
488 2658 529 2709 He
541 2583 800 2709 reitiiiidg’himliiiat
811 2657 958 2721 happiness
969 2658 1035 2710 does
1047 2665 1096 2709 not
1106 2657 1211 2722 depend
1224 2671 1259 2708 on
1268 2661 1344 2709 one's
1353 2656 1428 2721 place

568 2734 597 2783 oi
608 2734 704 2793 abode,
717 2735 813 2784 buton
825 2735 936 2797 oneseli,
953 2736 1029 2784 11-21
1042 2752 1048 2797 ;

437 2808 461 2860 3.
486 2810 544 2860 The
558 2810 623 2860 wiso
640 2823 734 2861 course
752 2810 775 2860 is
792 2816 821 2860 to
838 2810 919 2872 enjoy
932 2811 998 2860 each
1010 2812 1120 2860 bouras
1131 2811 1153 2860 it
1163 2823 1263 2873 posses.
1297 2809 1428 2860 Content-

568 2893 644 2936 ment
660 2886 723 2935 with
737 2888 814 2936 oue’s
826 2884 864 2935 lot
881 2886 935 2935 wiii
954 2886 1031 2950 bring
1049 2887 1193 2949 happiness
1209 2886 1281 2937 aruid
1300 2887 1345 2937 the
1357 2891 1428 2936 most

567 2963 748 3012 unattraetire
760 2961 963 3025 surroundings,
977 2963 1067 3013 2230.

487 3038 562 3087 With
575 3038 620 3087 the
632 3038 780 3088 sentiment
792 3036 821 3088 oi
833 3038 879 3087 the
891 3036 1003 3100 Epistle‚
1017 3040 1051 3101 cs.
1067 3037 1143 3099 Odes,
1158 3039 1184 3089 ii.
1198 3038 1236 3088 16.
1251 3038 1338 3088 17-20.

411 3138 438 3188 2.
464 3138 560 3190 Time:
578 3137 635 3188 The
648 3144 727 3188 exact
738 3138 801 3188 date
813 3143 914 3187 cannot
926 3138 959 3203 be
970 3136 1146 3189 determined.
1180 3138 1234 3187 Not
1248 3137 1362 3188 1111120
1374 3150 1425 3188 mo.

409 3283 491 3354 Quid
506 3282 565 3344 tibi
580 3283 649 3345 visa
664 3282 768 3358 Chios,
785 3283 915 3358 Bullati,
931 3289 1067 3361 notaque
1082 3283 1209 3359 Lesbos,

368 3380 450 3452 Quid
464 3380 616 3440 concinna
631 3381 749 3454 Samos,
765 3380 843 3458 quid
858 3379 965 3440 Croesi
980 3380 1067 3456 regia
1080 3379 1198 3455 Sardis,

369 3478 504 3555 Smyrna
519 3478 641 3554 quidet
656 3477 846 3555 Colophon?
868 3478 988 3537 maiora
1001 3476 1161 3537 minorave
1176 3477 1288 3537 fama?

368 3574 527 3636 Cunctane
542 3593 616 3651 prae
632 3574 750 3653 Campo
764 3580 797 3634 et
810 3574 961 3634 Tiberino
974 3573 1102 3633 flumine
1118 3573 1254 3649 sordent,

366 3671 419 3730 An
434 3671 567 3732 venitin
582 3678 688 3732 votum
704 3671 855 3731 Attalicis
870 3690 910 3731 ex
924 3671 1052 3732 urbibus
1066 3690 1138 3746 una,
1409 3684 1425 3731 o

366 3768 419 3827 An
433 3768 592 3829 Lebedum
608 3767 719 3829 laudas
734 3769 807 3829 odio
821 3768 919 3829 maris
934 3774 1028 3846 atque
1044 3769 1191 3828 viarum?

367 3865 462 3941 ‘Scis
478 3865 620 3926 Lebedus
636 3865 714 3944 quid
730 3866 789 3925 sit:
813 3864 924 3926 Gabiis
939 3865 1092 3926 desertior
1105 3872 1201 3944 atque

366 3962 494 4023 Fidenis
509 3962 614 4039 vicus;
638 3970 743 4023 tamen
759 3962 825 4022 illio
839 3963 946 4022 vivere
961 3961 1084 4037 vellem,

366 4058 552 4138 Oblitusque
569 4078 708 4120 meorum
723 4060 958 4121 obliviscendus
972 4066 1004 4120 et
1018 4059 1084 4120 illis

365 4156 549 4234 Neptunum
564 4157 671 4234 procul
687 4175 704 4217 e
719 4163 803 4218 terra
817 4164 958 4236 spectare
974 4157 1150 4218 furentem)
1393 4173 1422 4220 ιο

405 4253 467 4315 Sed
481 4272 591 4332 neque,
607 4254 662 4333 qui
677 4253 785 4333 Capua
799 4254 931 4315 Romam
947 4256 1036 4333 petit,
1052 4255 1149 4316 imbre
1164 4255 1294 4334 lutoque
