<?xml version="1.0" encoding="UTF-8"?>
<!DOCTYPE html PUBLIC "-//W3C//DTD XHTML 1.0 Transitional//EN"
    "http://www.w3.org/TR/xhtml1/DTD/xhtml1-transitional.dtd">
<html xmlns="http://www.w3.org/1999/xhtml" xml:lang="en" lang="en">
 <head>
  <title>
</title>
<meta http-equiv="Content-Type" content="text/html;charset=utf-8" />
  <meta name='ocr-system' content='tesseract 3.04.00' />
  <meta name='ocr-capabilities' content='ocr_page ocr_carea ocr_par ocr_line ocrx_word'/>
</head>
<body>
  <div class='ocr_page' id='page_1' title='image "./qhoratiflaccise00rolfgoog_0211.png"; bbox 0 0 3592 5067; ppageno 0'>
   <div class='ocr_carea' id='block_1_1' title="bbox 375 905 998 1025">
    <p class='ocr_par' dir='ltr' id='par_1_1' title="bbox 375 905 998 1025">
     <span class='ocr_line' id='line_1_1' title="bbox 375 905 998 1025; baseline -0.01 -26"><span class='ocrx_word' id='word_1_1' title='bbox 375 946 443 1014; x_wconf 80' lang='lat' dir='ltr'>ur]</span> <span class='ocrx_word' id='word_1_2' title='bbox 693 905 696 911; x_wconf 60' lang='grc'><strong>’</strong></span> <span class='ocrx_word' id='word_1_3' title='bbox 826 942 938 1025; x_wconf 78' lang='lat' dir='ltr'>nmen</span> <span class='ocrx_word' id='word_1_4' title='bbox 961 941 998 994; x_wconf 84' lang='lat' dir='ltr'>rr</span> 
     </span>
    </p>
   </div>
   <div class='ocr_carea' id='block_1_2' title="bbox 364 1115 1257 4386">
    <p class='ocr_par' dir='ltr' id='par_1_2' title="bbox 374 1115 1095 1194">
     <span class='ocr_line' id='line_1_2' title="bbox 374 1115 1095 1194; baseline -0.007 -15"><span class='ocrx_word' id='word_1_5' title='bbox 374 1118 436 1180; x_wconf 94' lang='lat' dir='ltr'>Ille</span> <span class='ocrx_word' id='word_1_6' title='bbox 451 1116 541 1178; x_wconf 91' lang='lat' dir='ltr'>bonis</span> <span class='ocrx_word' id='word_1_7' title='bbox 556 1115 726 1194; x_wconf 87' lang='lat' dir='ltr'>faveatque</span> <span class='ocrx_word' id='word_1_8' title='bbox 740 1118 774 1175; x_wconf 92' lang='lat' dir='ltr'>et</span> <span class='ocrx_word' id='word_1_9' title='bbox 787 1115 972 1177; x_wconf 80' lang='lat' dir='ltr'>consilietur</span> <span class='ocrx_word' id='word_1_10' title='bbox 987 1115 1095 1192; x_wconf 90' lang='lat' dir='ltr'>amice,</span> 
     </span>
    </p>

    <p class='ocr_par' dir='ltr' id='par_1_3' title="bbox 373 1210 1078 1291">
     <span class='ocr_line' id='line_1_3' title="bbox 373 1210 1078 1291; baseline -0.007 -14"><span class='ocrx_word' id='word_1_11' title='bbox 373 1216 417 1277; x_wconf 84' lang='lat' dir='ltr'>Et</span> <span class='ocrx_word' id='word_1_12' title='bbox 431 1220 519 1291; x_wconf 88' lang='lat' dir='ltr'>regat</span> <span class='ocrx_word' id='word_1_13' title='bbox 534 1214 631 1273; x_wconf 91' lang='lat' dir='ltr'>iratos</span> <span class='ocrx_word' id='word_1_14' title='bbox 646 1220 678 1272; x_wconf 91' lang='lat' dir='ltr'>et</span> <span class='ocrx_word' id='word_1_15' title='bbox 692 1216 777 1273; x_wconf 91' lang='lat' dir='ltr'>amet</span> <span class='ocrx_word' id='word_1_16' title='bbox 792 1228 905 1290; x_wconf 88' lang='lat' dir='ltr'>pacare</span> <span class='ocrx_word' id='word_1_17' title='bbox 919 1210 1078 1272; x_wconf 88' lang='lat' dir='ltr'>timentis:</span> 
     </span>
    </p>

    <p class='ocr_par' dir='ltr' id='par_1_4' title="bbox 373 1306 1183 1485">
     <span class='ocr_line' id='line_1_4' title="bbox 373 1306 1183 1389; baseline -0.007 -16"><span class='ocrx_word' id='word_1_18' title='bbox 373 1312 434 1374; x_wconf 88' lang='lat' dir='ltr'>Ille</span> <span class='ocrx_word' id='word_1_19' title='bbox 449 1311 545 1389; x_wconf 90' lang='lat' dir='ltr'>dapes</span> <span class='ocrx_word' id='word_1_20' title='bbox 560 1310 669 1370; x_wconf 90' lang='lat' dir='ltr'>laudet</span> <span class='ocrx_word' id='word_1_21' title='bbox 683 1327 809 1370; x_wconf 80' lang='lat' dir='ltr'>mensae</span> <span class='ocrx_word' id='word_1_22' title='bbox 824 1310 939 1383; x_wconf 82' lang='lat' dir='ltr'>brevis,</span> <span class='ocrx_word' id='word_1_23' title='bbox 954 1307 1010 1369; x_wconf 91' lang='lat' dir='ltr'>ille</span> <span class='ocrx_word' id='word_1_24' title='bbox 1026 1306 1183 1370; x_wconf 80' lang='lat' dir='ltr'>salubrem</span> 
     </span>
     <span class='ocr_line' id='line_1_5' title="bbox 373 1406 1091 1485; baseline -0.006 -14"><span class='ocrx_word' id='word_1_25' title='bbox 373 1410 536 1471; x_wconf 83' lang='lat' dir='ltr'><strong>Iustitiam</strong></span> <span class='ocrx_word' id='word_1_26' title='bbox 552 1406 699 1485; x_wconf 84' lang='lat' dir='ltr'>legesque</span> <span class='ocrx_word' id='word_1_27' title='bbox 713 1413 746 1467; x_wconf 89' lang='lat' dir='ltr'>et</span> <span class='ocrx_word' id='word_1_28' title='bbox 760 1407 878 1485; x_wconf 89' lang='lat' dir='ltr'>apertis</span> <span class='ocrx_word' id='word_1_29' title='bbox 893 1407 960 1468; x_wconf 88' lang='lat' dir='ltr'>otia</span> <span class='ocrx_word' id='word_1_30' title='bbox 972 1406 1091 1484; x_wconf 88' lang='lat' dir='ltr'>portis;</span> 
     </span>
    </p>

    <p class='ocr_par' dir='ltr' id='par_1_5' title="bbox 373 1504 1172 1680">
     <span class='ocr_line' id='line_1_6' title="bbox 373 1504 1172 1584; baseline -0.008 -15"><span class='ocrx_word' id='word_1_31' title='bbox 373 1508 434 1569; x_wconf 90' lang='lat' dir='ltr'>Ille</span> <span class='ocrx_word' id='word_1_32' title='bbox 448 1512 536 1584; x_wconf 87' lang='lat' dir='ltr'>tegat</span> <span class='ocrx_word' id='word_1_33' title='bbox 550 1504 726 1579; x_wconf 90' lang='lat' dir='ltr'>commissa,</span> <span class='ocrx_word' id='word_1_34' title='bbox 742 1504 880 1584; x_wconf 91' lang='lat' dir='ltr'>deosque</span> <span class='ocrx_word' id='word_1_35' title='bbox 895 1510 1040 1583; x_wconf 76' lang='lat' dir='ltr'>precetur</span> <span class='ocrx_word' id='word_1_36' title='bbox 1055 1510 1088 1564; x_wconf 92' lang='lat' dir='ltr'>et</span> <span class='ocrx_word' id='word_1_37' title='bbox 1102 1508 1172 1564; x_wconf 88' lang='lat' dir='ltr'>oret</span> 
     </span>
     <span class='ocr_line' id='line_1_7' title="bbox 373 1600 1109 1680; baseline -0.014 -11"><span class='ocrx_word' id='word_1_38' title='bbox 373 1607 421 1669; x_wconf 91' lang='lat' dir='ltr'>Ut</span> <span class='ocrx_word' id='word_1_39' title='bbox 435 1605 544 1665; x_wconf 89' lang='lat' dir='ltr'>redeat</span> <span class='ocrx_word' id='word_1_40' title='bbox 556 1602 691 1677; x_wconf 88' lang='lat' dir='ltr'>miseris,</span> <span class='ocrx_word' id='word_1_41' title='bbox 707 1601 800 1661; x_wconf 92' lang='lat' dir='ltr'>abeat</span> <span class='ocrx_word' id='word_1_42' title='bbox 814 1601 944 1662; x_wconf 84' lang='lat' dir='ltr'>fortuna</span> <span class='ocrx_word' id='word_1_43' title='bbox 958 1600 1109 1680; x_wconf 89' lang='lat' dir='ltr'>superbis.</span> 
     </span>
    </p>

    <p class='ocr_par' dir='ltr' id='par_1_6' title="bbox 370 1698 1228 2555">
     <span class='ocr_line' id='line_1_8' title="bbox 413 1698 1219 1776; baseline -0.005 -14"><span class='ocrx_word' id='word_1_44' title='bbox 413 1702 507 1762; x_wconf 81' lang='lat' dir='ltr'>Tibia</span> <span class='ocrx_word' id='word_1_45' title='bbox 520 1720 593 1776; x_wconf 91' lang='lat' dir='ltr'>non,</span> <span class='ocrx_word' id='word_1_46' title='bbox 607 1706 645 1760; x_wconf 90' lang='lat' dir='ltr'>ut</span> <span class='ocrx_word' id='word_1_47' title='bbox 659 1717 751 1773; x_wconf 90' lang='lat' dir='ltr'>nunc,</span> <span class='ocrx_word' id='word_1_48' title='bbox 768 1698 925 1759; x_wconf 90' lang='lat' dir='ltr'>orichalco</span> <span class='ocrx_word' id='word_1_49' title='bbox 940 1698 1048 1759; x_wconf 86' lang='lat' dir='ltr'>vincta</span> <span class='ocrx_word' id='word_1_50' title='bbox 1061 1698 1219 1775; x_wconf 87' lang='lat' dir='ltr'>tubaeque</span> 
     </span>
     <span class='ocr_line' id='line_1_9' title="bbox 371 1795 1208 1875; baseline -0.005 -16"><span class='ocrx_word' id='word_1_51' title='bbox 371 1799 516 1874; x_wconf 82' lang='lat' dir='ltr'>Aemula,</span> <span class='ocrx_word' id='word_1_52' title='bbox 533 1799 588 1859; x_wconf 91' lang='lat' dir='ltr'>sed</span> <span class='ocrx_word' id='word_1_53' title='bbox 602 1797 707 1858; x_wconf 91' lang='lat' dir='ltr'>tenuis</span> <span class='ocrx_word' id='word_1_54' title='bbox 724 1796 922 1874; x_wconf 85' lang='lat' dir='ltr'>simplexque</span> <span class='ocrx_word' id='word_1_55' title='bbox 937 1795 1092 1857; x_wconf 88' lang='lat' dir='ltr'>foramine</span> <span class='ocrx_word' id='word_1_56' title='bbox 1107 1813 1208 1875; x_wconf 88' lang='lat' dir='ltr'>pauco</span> 
     </span>
     <span class='ocr_line' id='line_1_10' title="bbox 372 1892 1132 1974; baseline -0.007 -17"><span class='ocrx_word' id='word_1_57' title='bbox 372 1896 546 1974; x_wconf 78' lang='lat' dir='ltr'>Adspirate</span> <span class='ocrx_word' id='word_1_58' title='bbox 560 1900 593 1954; x_wconf 89' lang='lat' dir='ltr'>et</span> <span class='ocrx_word' id='word_1_59' title='bbox 606 1894 717 1955; x_wconf 86' lang='lat' dir='ltr'>adesse</span> <span class='ocrx_word' id='word_1_60' title='bbox 732 1893 836 1954; x_wconf 92' lang='lat' dir='ltr'>choris</span> <span class='ocrx_word' id='word_1_61' title='bbox 851 1900 919 1954; x_wconf 88' lang='lat' dir='ltr'>erat</span> <span class='ocrx_word' id='word_1_62' title='bbox 933 1892 1023 1954; x_wconf 91' lang='lat' dir='ltr'>utilis</span> <span class='ocrx_word' id='word_1_63' title='bbox 1037 1899 1132 1970; x_wconf 87' lang='lat' dir='ltr'>atque</span> 
     </span>
     <span class='ocr_line' id='line_1_11' title="bbox 371 1988 1158 2070; baseline -0.004 -17"><span class='ocrx_word' id='word_1_64' title='bbox 371 1993 522 2053; x_wconf 89' lang='lat' dir='ltr'>Nondum</span> <span class='ocrx_word' id='word_1_65' title='bbox 537 1991 640 2070; x_wconf 90' lang='lat' dir='ltr'>spissa</span> <span class='ocrx_word' id='word_1_66' title='bbox 652 1991 748 2051; x_wconf 91' lang='lat' dir='ltr'>nimis</span> <span class='ocrx_word' id='word_1_67' title='bbox 762 1990 920 2067; x_wconf 88' lang='lat' dir='ltr'>complere</span> <span class='ocrx_word' id='word_1_68' title='bbox 936 1990 1049 2051; x_wconf 91' lang='lat' dir='ltr'>sedilia</span> <span class='ocrx_word' id='word_1_69' title='bbox 1062 1988 1158 2065; x_wconf 92' lang='lat' dir='ltr'>flatu;</span> 
     </span>
     <span class='ocr_line' id='line_1_12' title="bbox 371 2087 1172 2167; baseline -0.002 -18"><span class='ocrx_word' id='word_1_70' title='bbox 371 2090 439 2161; x_wconf 85' lang='lat' dir='ltr'>Quo</span> <span class='ocrx_word' id='word_1_71' title='bbox 453 2106 529 2151; x_wconf 90' lang='lat' dir='ltr'>sane</span> <span class='ocrx_word' id='word_1_72' title='bbox 543 2088 678 2167; x_wconf 92' lang='lat' dir='ltr'>populus</span> <span class='ocrx_word' id='word_1_73' title='bbox 692 2087 907 2163; x_wconf 89' lang='lat' dir='ltr'>numerabilis,</span> <span class='ocrx_word' id='word_1_74' title='bbox 921 2092 1031 2165; x_wconf 80' lang='lat' dir='ltr'>utpote</span> <span class='ocrx_word' id='word_1_75' title='bbox 1046 2104 1172 2165; x_wconf 87' lang='lat' dir='ltr'>parvus,</span> 
     </span>
     <span class='ocr_line' id='line_1_13' title="bbox 370 2184 1094 2263; baseline -0.004 -16"><span class='ocrx_word' id='word_1_76' title='bbox 370 2187 415 2247; x_wconf 82' lang='lat' dir='ltr'>Et</span> <span class='ocrx_word' id='word_1_77' title='bbox 428 2186 514 2263; x_wconf 84' lang='lat' dir='ltr'>frugi</span> <span class='ocrx_word' id='word_1_78' title='bbox 529 2192 695 2263; x_wconf 80' lang='lat' dir='ltr'>castusque</span> <span class='ocrx_word' id='word_1_79' title='bbox 710 2185 969 2262; x_wconf 84' lang='lat' dir='ltr'>verecundusque</span> <span class='ocrx_word' id='word_1_80' title='bbox 983 2184 1094 2245; x_wconf 90' lang='lat' dir='ltr'>coibat</span> 
     </span>
     <span class='ocr_line' id='line_1_14' title="bbox 370 2279 1228 2363; baseline -0.005 -18"><span class='ocrx_word' id='word_1_81' title='bbox 370 2284 545 2363; x_wconf 91' lang='lat' dir='ltr'>Postquam</span> <span class='ocrx_word' id='word_1_82' title='bbox 559 2283 663 2362; x_wconf 91' lang='lat' dir='ltr'>coepit</span> <span class='ocrx_word' id='word_1_83' title='bbox 677 2301 769 2360; x_wconf 88' lang='lat' dir='ltr'>agros</span> <span class='ocrx_word' id='word_1_84' title='bbox 784 2282 953 2343; x_wconf 86' lang='lat' dir='ltr'>extendere</span> <span class='ocrx_word' id='word_1_85' title='bbox 968 2282 1078 2356; x_wconf 73' lang='lat' dir='ltr'>victu,</span> <span class='ocrx_word' id='word_1_86' title='bbox 1093 2288 1126 2341; x_wconf 90' lang='lat' dir='ltr'>et</span> <span class='ocrx_word' id='word_1_87' title='bbox 1139 2279 1228 2341; x_wconf 89' lang='lat' dir='ltr'>urbis</span> 
     </span>
     <span class='ocr_line' id='line_1_15' title="bbox 371 2379 1059 2459; baseline -0.006 -17"><span class='ocrx_word' id='word_1_88' title='bbox 371 2380 481 2442; x_wconf 87' lang='lat' dir='ltr'>Latior</span> <span class='ocrx_word' id='word_1_89' title='bbox 495 2380 645 2459; x_wconf 77' lang='lat' dir='ltr'>amplecti</span> <span class='ocrx_word' id='word_1_90' title='bbox 659 2398 777 2454; x_wconf 86' lang='lat' dir='ltr'>murus,</span> <span class='ocrx_word' id='word_1_91' title='bbox 793 2381 930 2459; x_wconf 88' lang='lat' dir='ltr'>vinoque</span> <span class='ocrx_word' id='word_1_92' title='bbox 945 2379 1059 2439; x_wconf 89' lang='lat' dir='ltr'>diurno</span> 
     </span>
     <span class='ocr_line' id='line_1_16' title="bbox 370 2476 1025 2555; baseline -0.005 -15"><span class='ocrx_word' id='word_1_93' title='bbox 370 2477 494 2540; x_wconf 89' lang='lat' dir='ltr'>Placari</span> <span class='ocrx_word' id='word_1_94' title='bbox 510 2478 631 2540; x_wconf 85' lang='lat' dir='ltr'>Genius</span> <span class='ocrx_word' id='word_1_95' title='bbox 645 2477 739 2539; x_wconf 84' lang='lat' dir='ltr'>festis</span> <span class='ocrx_word' id='word_1_96' title='bbox 754 2478 883 2555; x_wconf 90' lang='lat' dir='ltr'>impune</span> <span class='ocrx_word' id='word_1_97' title='bbox 897 2476 1025 2552; x_wconf 87' lang='lat' dir='ltr'>diebus;</span> 
     </span>
    </p>

    <p class='ocr_par' dir='ltr' id='par_1_7' title="bbox 370 2572 1177 2844">
     <span class='ocr_line' id='line_1_17' title="bbox 370 2572 1177 2653; baseline -0.004 -19"><span class='ocrx_word' id='word_1_98' title='bbox 370 2574 516 2636; x_wconf 83' lang='lat' dir='ltr'>Accessit</span> <span class='ocrx_word' id='word_1_99' title='bbox 529 2574 732 2653; x_wconf 89' lang='lat' dir='ltr'>numerisque</span> <span class='ocrx_word' id='word_1_100' title='bbox 746 2573 911 2650; x_wconf 87' lang='lat' dir='ltr'>modisque</span> <span class='ocrx_word' id='word_1_101' title='bbox 926 2572 1057 2632; x_wconf 87' lang='lat' dir='ltr'>licentia</span> <span class='ocrx_word' id='word_1_102' title='bbox 1069 2572 1177 2633; x_wconf 88' lang='lat' dir='ltr'>maior.</span> 
     </span>
     <span class='ocr_line' id='line_1_18' title="bbox 370 2669 1166 2748; baseline -0.003 -18"><span class='ocrx_word' id='word_1_103' title='bbox 370 2670 522 2731; x_wconf 82' lang='lat' dir='ltr'>indoctus</span> <span class='ocrx_word' id='word_1_104' title='bbox 537 2671 614 2748; x_wconf 90' lang='lat' dir='ltr'>quid</span> <span class='ocrx_word' id='word_1_105' title='bbox 629 2672 713 2730; x_wconf 89' lang='lat' dir='ltr'>enim</span> <span class='ocrx_word' id='word_1_106' title='bbox 728 2675 852 2748; x_wconf 89' lang='lat' dir='ltr'>saperet</span> <span class='ocrx_word' id='word_1_107' title='bbox 867 2669 1008 2747; x_wconf 89' lang='lat' dir='ltr'>liberque</span> <span class='ocrx_word' id='word_1_108' title='bbox 1023 2669 1166 2729; x_wconf 84' lang='lat' dir='ltr'>laborum</span> 
     </span>
     <span class='ocr_line' id='line_1_19' title="bbox 370 2764 1120 2844; baseline -0.005 -17"><span class='ocrx_word' id='word_1_109' title='bbox 370 2767 521 2827; x_wconf 87' lang='lat' dir='ltr'>Rusticus</span> <span class='ocrx_word' id='word_1_110' title='bbox 535 2767 654 2826; x_wconf 89' lang='lat' dir='ltr'>urbano</span> <span class='ocrx_word' id='word_1_111' title='bbox 668 2766 828 2841; x_wconf 88' lang='lat' dir='ltr'>confusus,</span> <span class='ocrx_word' id='word_1_112' title='bbox 843 2765 948 2844; x_wconf 91' lang='lat' dir='ltr'>turpis</span> <span class='ocrx_word' id='word_1_113' title='bbox 962 2764 1120 2826; x_wconf 86' lang='lat' dir='ltr'>honesto?</span> 
     </span>
    </p>

    <p class='ocr_par' dir='ltr' id='par_1_8' title="bbox 369 2860 1188 3129">
     <span class='ocr_line' id='line_1_20' title="bbox 370 2860 1188 2941; baseline -0.005 -17"><span class='ocrx_word' id='word_1_114' title='bbox 370 2863 423 2924; x_wconf 91' lang='lat' dir='ltr'>Sic</span> <span class='ocrx_word' id='word_1_115' title='bbox 437 2864 559 2941; x_wconf 86' lang='lat' dir='ltr'>priscae</span> <span class='ocrx_word' id='word_1_116' title='bbox 573 2869 755 2940; x_wconf 89' lang='lat' dir='ltr'>motumque</span> <span class='ocrx_word' id='word_1_117' title='bbox 770 2867 803 2922; x_wconf 88' lang='lat' dir='ltr'>et</span> <span class='ocrx_word' id='word_1_118' title='bbox 816 2861 974 2922; x_wconf 86' lang='lat' dir='ltr'>luxuriem</span> <span class='ocrx_word' id='word_1_119' title='bbox 989 2860 1114 2922; x_wconf 88' lang='lat' dir='ltr'>addidit</span> <span class='ocrx_word' id='word_1_120' title='bbox 1126 2861 1188 2921; x_wconf 86' lang='lat' dir='ltr'>arti</span> 
     </span>
     <span class='ocr_line' id='line_1_21' title="bbox 369 2958 1152 3036; baseline -0.004 -17"><span class='ocrx_word' id='word_1_121' title='bbox 369 2958 501 3019; x_wconf 80' lang='lat' dir='ltr'>Tibicen</span> <span class='ocrx_word' id='word_1_122' title='bbox 515 2959 677 3035; x_wconf 81' lang='lat' dir='ltr'>traxitque</span> <span class='ocrx_word' id='word_1_123' title='bbox 692 2976 791 3035; x_wconf 87' lang='lat' dir='ltr'>vagus</span> <span class='ocrx_word' id='word_1_124' title='bbox 805 2977 861 3035; x_wconf 93' lang='lat' dir='ltr'>per</span> <span class='ocrx_word' id='word_1_125' title='bbox 875 2958 1002 3036; x_wconf 91' lang='lat' dir='ltr'>pulpita</span> <span class='ocrx_word' id='word_1_126' title='bbox 1014 2962 1152 3033; x_wconf 88' lang='lat' dir='ltr'>vestem;</span> 
     </span>
     <span class='ocr_line' id='line_1_22' title="bbox 370 3052 1052 3129; baseline -0.003 -13"><span class='ocrx_word' id='word_1_127' title='bbox 370 3054 421 3117; x_wconf 91' lang='lat' dir='ltr'>Sic</span> <span class='ocrx_word' id='word_1_128' title='bbox 436 3055 532 3115; x_wconf 87' lang='lat' dir='ltr'>etiam</span> <span class='ocrx_word' id='word_1_129' title='bbox 546 3054 663 3114; x_wconf 90' lang='lat' dir='ltr'>fidibus</span> <span class='ocrx_word' id='word_1_130' title='bbox 678 3072 769 3115; x_wconf 84' lang='lat' dir='ltr'>voces</span> <span class='ocrx_word' id='word_1_131' title='bbox 784 3071 909 3114; x_wconf 88' lang='lat' dir='ltr'>crevere</span> <span class='ocrx_word' id='word_1_132' title='bbox 925 3052 1052 3129; x_wconf 84' lang='lat' dir='ltr'>severis,</span> 
     </span>
    </p>

    <p class='ocr_par' dir='ltr' id='par_1_9' title="bbox 368 3149 1193 3422">
     <span class='ocr_line' id='line_1_23' title="bbox 368 3149 1193 3229; baseline -0.004 -16"><span class='ocrx_word' id='word_1_133' title='bbox 368 3152 412 3213; x_wconf 84' lang='lat' dir='ltr'>Et</span> <span class='ocrx_word' id='word_1_134' title='bbox 425 3151 502 3212; x_wconf 91' lang='lat' dir='ltr'>tulit</span> <span class='ocrx_word' id='word_1_135' title='bbox 516 3149 676 3229; x_wconf 91' lang='lat' dir='ltr'>eloquium</span> <span class='ocrx_word' id='word_1_136' title='bbox 691 3149 855 3211; x_wconf 88' lang='lat' dir='ltr'>insolitum</span> <span class='ocrx_word' id='word_1_137' title='bbox 869 3149 1019 3210; x_wconf 83' lang='lat' dir='ltr'>facundia</span> <span class='ocrx_word' id='word_1_138' title='bbox 1034 3168 1193 3228; x_wconf 87' lang='lat' dir='ltr'>praeceps,</span> 
     </span>
     <span class='ocr_line' id='line_1_24' title="bbox 368 3245 1089 3324; baseline -0.006 -15"><span class='ocrx_word' id='word_1_139' title='bbox 368 3247 571 3324; x_wconf 91' lang='lat' dir='ltr'>Utiliumque</span> <span class='ocrx_word' id='word_1_140' title='bbox 586 3266 683 3324; x_wconf 83' lang='lat' dir='ltr'>sagax</span> <span class='ocrx_word' id='word_1_141' title='bbox 698 3265 802 3306; x_wconf 90' lang='lat' dir='ltr'>rerum</span> <span class='ocrx_word' id='word_1_142' title='bbox 817 3252 850 3306; x_wconf 91' lang='lat' dir='ltr'>et</span> <span class='ocrx_word' id='word_1_143' title='bbox 864 3246 974 3306; x_wconf 85' lang='lat' dir='ltr'>divina</span> <span class='ocrx_word' id='word_1_144' title='bbox 986 3245 1089 3306; x_wconf 90' lang='lat' dir='ltr'>futuri</span> 
     </span>
     <span class='ocr_line' id='line_1_25' title="bbox 368 3342 1130 3422; baseline -0.003 -17"><span class='ocrx_word' id='word_1_145' title='bbox 368 3344 534 3420; x_wconf 84' lang='lat' dir='ltr'>Sortilegis</span> <span class='ocrx_word' id='word_1_146' title='bbox 548 3362 610 3404; x_wconf 90' lang='lat' dir='ltr'>non</span> <span class='ocrx_word' id='word_1_147' title='bbox 626 3343 800 3422; x_wconf 90' lang='lat' dir='ltr'>discrepuit</span> <span class='ocrx_word' id='word_1_148' title='bbox 815 3343 974 3404; x_wconf 90' lang='lat' dir='ltr'>sententia</span> <span class='ocrx_word' id='word_1_149' title='bbox 987 3342 1130 3420; x_wconf 89' lang='lat' dir='ltr'>Delphis.</span> 
     </span>
    </p>

    <p class='ocr_par' dir='ltr' id='par_1_10' title="bbox 364 3439 1257 4386">
     <span class='ocr_line' id='line_1_26' title="bbox 409 3439 1220 3518; baseline -0.002 -16"><span class='ocrx_word' id='word_1_150' title='bbox 409 3440 555 3502; x_wconf 86' lang='lat' dir='ltr'>Carmine</span> <span class='ocrx_word' id='word_1_151' title='bbox 570 3440 624 3518; x_wconf 90' lang='lat' dir='ltr'>qui</span> <span class='ocrx_word' id='word_1_152' title='bbox 639 3440 759 3517; x_wconf 89' lang='lat' dir='ltr'>tragico</span> <span class='ocrx_word' id='word_1_153' title='bbox 773 3439 869 3499; x_wconf 84' lang='lat' dir='ltr'>vilem</span> <span class='ocrx_word' id='word_1_154' title='bbox 885 3440 1020 3501; x_wconf 84' lang='lat' dir='ltr'>certavit</span> <span class='ocrx_word' id='word_1_155' title='bbox 1034 3440 1073 3500; x_wconf 96' lang='lat' dir='ltr'>ob</span> <span class='ocrx_word' id='word_1_156' title='bbox 1086 3439 1220 3514; x_wconf 81' lang='lat' dir='ltr'>hircum,</span> 
     </span>
     <span class='ocr_line' id='line_1_27' title="bbox 368 3536 1150 3615; baseline -0.001 -18"><span class='ocrx_word' id='word_1_157' title='bbox 368 3538 444 3598; x_wconf 87' lang='lat' dir='ltr'>Mox</span> <span class='ocrx_word' id='word_1_158' title='bbox 459 3536 555 3598; x_wconf 88' lang='lat' dir='ltr'>etiam</span> <span class='ocrx_word' id='word_1_159' title='bbox 569 3536 703 3614; x_wconf 86' lang='lat' dir='ltr'>agrestis</span> <span class='ocrx_word' id='word_1_160' title='bbox 719 3536 849 3615; x_wconf 85' lang='lat' dir='ltr'>Satyros</span> <span class='ocrx_word' id='word_1_161' title='bbox 863 3536 998 3597; x_wconf 85' lang='lat' dir='ltr'>nudavit</span> <span class='ocrx_word' id='word_1_162' title='bbox 1011 3542 1044 3596; x_wconf 92' lang='lat' dir='ltr'>et</span> <span class='ocrx_word' id='word_1_163' title='bbox 1058 3554 1150 3613; x_wconf 85' lang='lat' dir='ltr'>asper</span> 
     </span>
     <span class='ocr_line' id='line_1_28' title="bbox 367 3632 1157 3712; baseline -0.001 -18"><span class='ocrx_word' id='word_1_164' title='bbox 367 3634 524 3695; x_wconf 89' lang='lat' dir='ltr'>Incolumi</span> <span class='ocrx_word' id='word_1_165' title='bbox 538 3634 694 3709; x_wconf 85' lang='lat' dir='ltr'>gravitate</span> <span class='ocrx_word' id='word_1_166' title='bbox 709 3633 811 3693; x_wconf 92' lang='lat' dir='ltr'>iocum</span> <span class='ocrx_word' id='word_1_167' title='bbox 826 3633 1006 3712; x_wconf 84' lang='lat' dir='ltr'>temptavit,</span> <span class='ocrx_word' id='word_1_168' title='bbox 1021 3651 1058 3692; x_wconf 91' lang='lat' dir='ltr'>eo</span> <span class='ocrx_word' id='word_1_169' title='bbox 1072 3632 1157 3710; x_wconf 88' lang='lat' dir='ltr'>quod</span> 
     </span>
     <span class='ocr_line' id='line_1_29' title="bbox 366 3729 1128 3806; baseline -0.005 -14"><span class='ocrx_word' id='word_1_170' title='bbox 366 3730 539 3796; x_wconf 89' lang='lat' dir='ltr'>Inlecebris</span> <span class='ocrx_word' id='word_1_171' title='bbox 554 3736 623 3790; x_wconf 90' lang='lat' dir='ltr'>erat</span> <span class='ocrx_word' id='word_1_172' title='bbox 637 3735 669 3789; x_wconf 90' lang='lat' dir='ltr'>et</span> <span class='ocrx_word' id='word_1_173' title='bbox 684 3735 775 3806; x_wconf 89' lang='lat' dir='ltr'>grata</span> <span class='ocrx_word' id='word_1_174' title='bbox 787 3729 929 3790; x_wconf 89' lang='lat' dir='ltr'>novitate</span> <span class='ocrx_word' id='word_1_175' title='bbox 943 3729 1128 3790; x_wconf 74' lang='lat' dir='ltr'>morandus·</span> 
     </span>
     <span class='ocr_line' id='line_1_30' title="bbox 367 3824 1162 3906; baseline -0.004 -18"><span class='ocrx_word' id='word_1_176' title='bbox 367 3827 531 3906; x_wconf 86' lang='lat' dir='ltr'>Spectator</span> <span class='ocrx_word' id='word_1_177' title='bbox 544 3826 735 3904; x_wconf 88' lang='lat' dir='ltr'>functusque</span> <span class='ocrx_word' id='word_1_178' title='bbox 750 3826 847 3887; x_wconf 89' lang='lat' dir='ltr'>sacris</span> <span class='ocrx_word' id='word_1_179' title='bbox 862 3831 894 3885; x_wconf 90' lang='lat' dir='ltr'>et</span> <span class='ocrx_word' id='word_1_180' title='bbox 909 3832 1001 3904; x_wconf 92' lang='lat' dir='ltr'>potus</span> <span class='ocrx_word' id='word_1_181' title='bbox 1015 3832 1048 3886; x_wconf 91' lang='lat' dir='ltr'>et</span> <span class='ocrx_word' id='word_1_182' title='bbox 1061 3824 1162 3886; x_wconf 87' lang='lat' dir='ltr'>exlex.</span> 
     </span>
     <span class='ocr_line' id='line_1_31' title="bbox 366 3922 1105 3997; baseline -0.001 -13"><span class='ocrx_word' id='word_1_183' title='bbox 366 3924 482 3984; x_wconf 90' lang='lat' dir='ltr'>Verum</span> <span class='ocrx_word' id='word_1_184' title='bbox 497 3923 544 3983; x_wconf 90' lang='lat' dir='ltr'>ita</span> <span class='ocrx_word' id='word_1_185' title='bbox 557 3923 680 3997; x_wconf 90' lang='lat' dir='ltr'>risores,</span> <span class='ocrx_word' id='word_1_186' title='bbox 696 3923 743 3983; x_wconf 91' lang='lat' dir='ltr'>ita</span> <span class='ocrx_word' id='word_1_187' title='bbox 755 3923 973 3983; x_wconf 86' lang='lat' dir='ltr'>commendare</span> <span class='ocrx_word' id='word_1_188' title='bbox 987 3922 1105 3983; x_wconf 89' lang='lat' dir='ltr'>dicacis</span> 
     </span>
     <span class='ocr_line' id='line_1_32' title="bbox 365 4019 1217 4098; baseline -0.005 -15"><span class='ocrx_word' id='word_1_189' title='bbox 365 4019 540 4083; x_wconf 86' lang='lat' dir='ltr'>Conveniet</span> <span class='ocrx_word' id='word_1_190' title='bbox 554 4020 694 4098; x_wconf 88' lang='lat' dir='ltr'>Satyros,</span> <span class='ocrx_word' id='word_1_191' title='bbox 709 4020 756 4079; x_wconf 87' lang='lat' dir='ltr'>ita</span> <span class='ocrx_word' id='word_1_192' title='bbox 770 4026 891 4079; x_wconf 88' lang='lat' dir='ltr'>vertere</span> <span class='ocrx_word' id='word_1_193' title='bbox 906 4019 989 4081; x_wconf 87' lang='lat' dir='ltr'>seria</span> <span class='ocrx_word' id='word_1_194' title='bbox 1003 4019 1087 4093; x_wconf 92' lang='lat' dir='ltr'>ludo,</span> <span class='ocrx_word' id='word_1_195' title='bbox 1213 4081 1217 4086; x_wconf 74' lang='grc'><strong>,</strong></span> 
     </span>
     <span class='ocr_line' id='line_1_33' title="bbox 364 4116 1257 4195; baseline 0 -17"><span class='ocrx_word' id='word_1_196' title='bbox 364 4118 414 4178; x_wconf 86' lang='lat' dir='ltr'>Ne</span> <span class='ocrx_word' id='word_1_197' title='bbox 428 4117 618 4195; x_wconf 90' lang='lat' dir='ltr'>quicumque</span> <span class='ocrx_word' id='word_1_198' title='bbox 633 4116 719 4191; x_wconf 91' lang='lat' dir='ltr'>deus,</span> <span class='ocrx_word' id='word_1_199' title='bbox 735 4116 924 4194; x_wconf 89' lang='lat' dir='ltr'>quicumque</span> <span class='ocrx_word' id='word_1_200' title='bbox 938 4116 1141 4177; x_wconf 87' lang='lat' dir='ltr'>adhibebitur</span> <span class='ocrx_word' id='word_1_201' title='bbox 1154 4116 1257 4193; x_wconf 90' lang='lat' dir='ltr'>heros,</span> 
     </span>
     <span class='ocr_line' id='line_1_34' title="bbox 365 4214 1087 4292; baseline 0 -19"><span class='ocrx_word' id='word_1_202' title='bbox 365 4214 478 4291; x_wconf 86' lang='lat' dir='ltr'>Regali</span> <span class='ocrx_word' id='word_1_203' title='bbox 494 4220 679 4292; x_wconf 91' lang='lat' dir='ltr'>conspectus</span> <span class='ocrx_word' id='word_1_204' title='bbox 694 4214 727 4273; x_wconf 94' lang='lat' dir='ltr'>in</span> <span class='ocrx_word' id='word_1_205' title='bbox 742 4231 818 4273; x_wconf 91' lang='lat' dir='ltr'>auro</span> <span class='ocrx_word' id='word_1_206' title='bbox 831 4232 932 4291; x_wconf 93' lang='lat' dir='ltr'>nuper</span> <span class='ocrx_word' id='word_1_207' title='bbox 946 4219 979 4273; x_wconf 88' lang='lat' dir='ltr'>et</span> <span class='ocrx_word' id='word_1_208' title='bbox 993 4221 1087 4289; x_wconf 86' lang='lat' dir='ltr'>ostro,</span> 
     </span>
     <span class='ocr_line' id='line_1_35' title="bbox 364 4310 1153 4386; baseline 0.001 -16"><span class='ocrx_word' id='word_1_209' title='bbox 364 4311 482 4386; x_wconf 87' lang='lat' dir='ltr'>Migret</span> <span class='ocrx_word' id='word_1_210' title='bbox 497 4310 530 4369; x_wconf 94' lang='lat' dir='ltr'>in</span> <span class='ocrx_word' id='word_1_211' title='bbox 545 4311 694 4372; x_wconf 88' lang='lat' dir='ltr'>obscuras</span> <span class='ocrx_word' id='word_1_212' title='bbox 707 4310 822 4371; x_wconf 90' lang='lat' dir='ltr'>humili</span> <span class='ocrx_word' id='word_1_213' title='bbox 838 4328 981 4372; x_wconf 88' lang='lat' dir='ltr'>sermone</span> <span class='ocrx_word' id='word_1_214' title='bbox 995 4311 1153 4386; x_wconf 85' lang='lat' dir='ltr'>tabernas,</span> 
     </span>
    </p>
   </div>
   <div class='ocr_carea' id='block_1_3' title="bbox 0 0 1800 5067">
    <p class='ocr_par' dir='ltr' id='par_1_11' title="bbox 0 0 1800 5067">
     <span class='ocr_line' id='line_1_36' title="bbox 0 0 1800 5067; baseline 0 4"><span class='ocrx_word' id='word_1_215' title='bbox 0 0 1800 5067; x_wconf 95' lang='lat' dir='ltr'> </span> 
     </span>
    </p>
   </div>
  </div>
 </body>
</html>
