<?xml version="1.0" encoding="UTF-8"?>
<!DOCTYPE html PUBLIC "-//W3C//DTD XHTML 1.0 Transitional//EN"
    "http://www.w3.org/TR/xhtml1/DTD/xhtml1-transitional.dtd">
<html xmlns="http://www.w3.org/1999/xhtml" xml:lang="en" lang="en">
 <head>
  <title>
</title>
<meta http-equiv="Content-Type" content="text/html;charset=utf-8" />
  <meta name='ocr-system' content='tesseract 3.04.00' />
  <meta name='ocr-capabilities' content='ocr_page ocr_carea ocr_par ocr_line ocrx_word'/>
</head>
<body>
  <div class='ocr_page' id='page_1' title='image "./qhoratiflaccise00rolfgoog_0111.png"; bbox 0 0 3592 5067; ppageno 0'>
   <div class='ocr_carea' id='block_1_1' title="bbox 375 965 993 1033">
    <p class='ocr_par' dir='ltr' id='par_1_1' title="bbox 375 965 993 1033">
     <span class='ocr_line' id='line_1_1' title="bbox 375 965 993 1033; baseline -0.003 -16"><span class='ocrx_word' id='word_1_1' title='bbox 375 965 443 1033; x_wconf 86' lang='grc'><strong>111]</strong></span> <span class='ocrx_word' id='word_1_2' title='bbox 819 965 933 1015; x_wconf 79' lang='lat' dir='ltr'><strong>niuea</strong></span> <span class='ocrx_word' id='word_1_3' title='bbox 957 965 993 1016; x_wconf 91' lang='lat'><strong>11.</strong></span> 
     </span>
    </p>
   </div>
   <div class='ocr_carea' id='block_1_2' title="bbox 260 1136 1440 4420">
    <p class='ocr_par' dir='ltr' id='par_1_2' title="bbox 376 1136 1068 1216">
     <span class='ocr_line' id='line_1_2' title="bbox 376 1136 1068 1216; baseline -0.006 -17"><span class='ocrx_word' id='word_1_4' title='bbox 376 1136 675 1216; x_wconf 83' lang='lat' dir='ltr'><strong>Invidiamplacare</strong></span> <span class='ocrx_word' id='word_1_5' title='bbox 690 1155 782 1215; x_wconf 83' lang='lat' dir='ltr'><strong>paras</strong></span> <span class='ocrx_word' id='word_1_6' title='bbox 797 1137 915 1197; x_wconf 83' lang='lat' dir='ltr'><strong>virtute</strong></span> <span class='ocrx_word' id='word_1_7' title='bbox 930 1136 1068 1197; x_wconf 85' lang='lat' dir='ltr'><strong>relicta?</strong></span> 
     </span>
    </p>

    <p class='ocr_par' dir='ltr' id='par_1_3' title="bbox 260 1233 1218 1311">
     <span class='ocr_line' id='line_1_3' title="bbox 260 1233 1218 1311; baseline -0.004 -13"><span class='ocrx_word' id='word_1_8' title='bbox 260 1265 263 1270; x_wconf 77' lang='lat'><em>-</em></span> <span class='ocrx_word' id='word_1_9' title='bbox 375 1236 581 1298; x_wconf 80' lang='lat' dir='ltr'>Contemnere</span> <span class='ocrx_word' id='word_1_10' title='bbox 597 1235 710 1295; x_wconf 89' lang='lat' dir='ltr'><strong>miser!</strong></span> <span class='ocrx_word' id='word_1_11' title='bbox 754 1234 893 1295; x_wconf 80' lang='lat' dir='ltr'><strong>Vitanda</strong></span> <span class='ocrx_word' id='word_1_12' title='bbox 906 1242 957 1295; x_wconf 92' lang='lat' dir='ltr'><strong>est</strong></span> <span class='ocrx_word' id='word_1_13' title='bbox 971 1234 1113 1311; x_wconf 89' lang='lat' dir='ltr'><strong>improba</strong></span> <span class='ocrx_word' id='word_1_14' title='bbox 1127 1233 1218 1294; x_wconf 87' lang='lat' dir='ltr'><strong>Siren</strong></span> 
     </span>
    </p>

    <p class='ocr_par' dir='ltr' id='par_1_4' title="bbox 375 1330 1440 1410">
     <span class='ocr_line' id='line_1_4' title="bbox 375 1330 1440 1410; baseline 0.002 -18"><span class='ocrx_word' id='word_1_15' title='bbox 375 1333 515 1407; x_wconf 80' lang='lat' dir='ltr'><strong>Desidia,</strong></span> <span class='ocrx_word' id='word_1_16' title='bbox 531 1340 587 1392; x_wconf 89' lang='lat' dir='ltr'><strong>aut</strong></span> <span class='ocrx_word' id='word_1_17' title='bbox 600 1332 751 1410; x_wconf 92' lang='lat' dir='ltr'><strong>quicquid</strong></span> <span class='ocrx_word' id='word_1_18' title='bbox 771 1333 837 1390; x_wconf 90' lang='lat' dir='ltr'><strong>vita</strong></span> <span class='ocrx_word' id='word_1_19' title='bbox 851 1332 980 1390; x_wconf 87' lang='lat' dir='ltr'><strong>meliore</strong></span> <span class='ocrx_word' id='word_1_20' title='bbox 994 1330 1114 1409; x_wconf 88' lang='lat' dir='ltr'><strong>parasti</strong></span> <span class='ocrx_word' id='word_1_21' title='bbox 1412 1349 1440 1394; x_wconf 82' lang='grc'><strong>111</strong></span> 
     </span>
    </p>

    <p class='ocr_par' dir='ltr' id='par_1_5' title="bbox 375 1427 1418 1508">
     <span class='ocr_line' id='line_1_5' title="bbox 375 1427 1418 1508; baseline 0 -18"><span class='ocrx_word' id='word_1_22' title='bbox 375 1429 560 1490; x_wconf 89' lang='lat' dir='ltr'>Ponendum</span> <span class='ocrx_word' id='word_1_23' title='bbox 575 1447 675 1507; x_wconf 86' lang='lat' dir='ltr'><strong>aequo</strong></span> <span class='ocrx_word' id='word_1_24' title='bbox 690 1431 803 1489; x_wconf 88' lang='lat' dir='ltr'><strong>animo.</strong></span> <span class='ocrx_word' id='word_1_25' title='bbox 846 1430 923 1488; x_wconf 90' lang='lat' dir='ltr'><strong>Hor.</strong></span> <span class='ocrx_word' id='word_1_26' title='bbox 953 1428 995 1487; x_wconf 90' lang='lat' dir='ltr'><strong>Di</strong></span> <span class='ocrx_word' id='word_1_27' title='bbox 1010 1434 1051 1503; x_wconf 92' lang='lat' dir='ltr'><strong>te,</strong></span> <span class='ocrx_word' id='word_1_28' title='bbox 1064 1427 1264 1506; x_wconf 84' lang='lat' dir='ltr'><strong>Damasippo,</strong></span> <span class='ocrx_word' id='word_1_29' title='bbox 1280 1427 1418 1508; x_wconf 85' lang='lat' dir='ltr'><strong>deaeque</strong></span> 
     </span>
    </p>

    <p class='ocr_par' dir='ltr' id='par_1_6' title="bbox 374 1524 1213 1587">
     <span class='ocr_line' id='line_1_6' title="bbox 374 1524 1213 1587; baseline -0.002 0"><span class='ocrx_word' id='word_1_30' title='bbox 374 1528 492 1587; x_wconf 89' lang='lat' dir='ltr'><strong>Vemm</strong></span> <span class='ocrx_word' id='word_1_31' title='bbox 507 1527 546 1587; x_wconf 95' lang='lat' dir='ltr'><strong>ob</strong></span> <span class='ocrx_word' id='word_1_32' title='bbox 561 1525 728 1587; x_wconf 88' lang='lat' dir='ltr'><strong>eonsilium</strong></span> <span class='ocrx_word' id='word_1_33' title='bbox 744 1526 862 1586; x_wconf 88' lang='lat' dir='ltr'><strong>donent</strong></span> <span class='ocrx_word' id='word_1_34' title='bbox 876 1534 1011 1586; x_wconf 81' lang='lat' dir='ltr'><strong>tonsore.</strong></span> <span class='ocrx_word' id='word_1_35' title='bbox 1054 1524 1116 1584; x_wconf 84' lang='lat' dir='ltr'><strong>Sed</strong></span> <span class='ocrx_word' id='word_1_36' title='bbox 1130 1525 1213 1585; x_wconf 93' lang='lat' dir='ltr'><strong>unde</strong></span> 
     </span>
    </p>

    <p class='ocr_par' dir='ltr' id='par_1_7' title="bbox 373 1623 735 1685">
     <span class='ocr_line' id='line_1_7' title="bbox 373 1623 735 1685; baseline -0.006 -1"><span class='ocrx_word' id='word_1_37' title='bbox 373 1625 453 1685; x_wconf 85' lang='lat' dir='ltr'><strong>Tam</strong></span> <span class='ocrx_word' id='word_1_38' title='bbox 468 1625 546 1685; x_wconf 87' lang='lat' dir='ltr'><strong>benc</strong></span> <span class='ocrx_word' id='word_1_39' title='bbox 562 1642 611 1683; x_wconf 91' lang='lat' dir='ltr'><strong>me</strong></span> <span class='ocrx_word' id='word_1_40' title='bbox 626 1623 735 1683; x_wconf 87' lang='lat' dir='ltr'><strong>nosti?</strong></span> 
     </span>
    </p>

    <p class='ocr_par' dir='ltr' id='par_1_8' title="bbox 777 1719 1412 1798">
     <span class='ocr_line' id='line_1_8' title="bbox 777 1719 1412 1798; baseline 0 -18"><span class='ocrx_word' id='word_1_41' title='bbox 777 1721 817 1780; x_wconf 89' lang='lat' dir='ltr'><strong>D.</strong></span> <span class='ocrx_word' id='word_1_42' title='bbox 847 1721 1018 1798; x_wconf 84' lang='lat' dir='ltr'><strong>Postquam</strong></span> <span class='ocrx_word' id='word_1_43' title='bbox 1037 1719 1139 1779; x_wconf 91' lang='lat' dir='ltr'><strong>omnis</strong></span> <span class='ocrx_word' id='word_1_44' title='bbox 1154 1739 1204 1780; x_wconf 90' lang='lat' dir='ltr'><strong>res</strong></span> <span class='ocrx_word' id='word_1_45' title='bbox 1219 1739 1287 1780; x_wconf 90' lang='lat' dir='ltr'><strong>mea</strong></span> <span class='ocrx_word' id='word_1_46' title='bbox 1301 1720 1412 1781; x_wconf 85' lang='lat' dir='ltr'><strong>Ianum</strong></span> 
     </span>
    </p>

    <p class='ocr_par' dir='ltr' id='par_1_9' title="bbox 373 1817 1119 1893">
     <span class='ocr_line' id='line_1_9' title="bbox 373 1817 1119 1893; baseline -0.004 -15"><span class='ocrx_word' id='word_1_47' title='bbox 373 1819 425 1879; x_wconf 85' lang='lat' dir='ltr'><strong>Ad</strong></span> <span class='ocrx_word' id='word_1_48' title='bbox 440 1818 580 1879; x_wconf 87' lang='lat' dir='ltr'><strong>medium</strong></span> <span class='ocrx_word' id='word_1_49' title='bbox 596 1818 698 1878; x_wconf 83' lang='lat' dir='ltr'><strong>fracta</strong></span> <span class='ocrx_word' id='word_1_50' title='bbox 712 1826 769 1893; x_wconf 90' lang='lat' dir='ltr'><strong>est,</strong></span> <span class='ocrx_word' id='word_1_51' title='bbox 785 1818 889 1877; x_wconf 84' lang='lat' dir='ltr'><strong>aliena</strong></span> <span class='ocrx_word' id='word_1_52' title='bbox 903 1817 1032 1893; x_wconf 81' lang='lat' dir='ltr'><strong>negotia</strong></span> <span class='ocrx_word' id='word_1_53' title='bbox 1044 1835 1119 1876; x_wconf 90' lang='lat' dir='ltr'><strong>curo</strong></span> 
     </span>
    </p>

    <p class='ocr_par' dir='ltr' id='par_1_10' title="bbox 373 1914 1438 1992">
     <span class='ocr_line' id='line_1_10' title="bbox 373 1914 1438 1992; baseline -0.001 -17"><span class='ocrx_word' id='word_1_54' title='bbox 373 1918 533 1976; x_wconf 81' lang='lat' dir='ltr'><strong>Exoussus</strong></span> <span class='ocrx_word' id='word_1_55' title='bbox 549 1915 693 1992; x_wconf 90' lang='lat' dir='ltr'><strong>propriis.</strong></span> <span class='ocrx_word' id='word_1_56' title='bbox 738 1914 821 1975; x_wconf 88' lang='lat' dir='ltr'>Olim</span> <span class='ocrx_word' id='word_1_57' title='bbox 838 1933 911 1973; x_wconf 84' lang='lat' dir='ltr'><strong>nam</strong></span> <span class='ocrx_word' id='word_1_58' title='bbox 926 1932 1075 1991; x_wconf 86' lang='lat' dir='ltr'><strong>quaerere</strong></span> <span class='ocrx_word' id='word_1_59' title='bbox 1090 1914 1242 1989; x_wconf 87' lang='lat' dir='ltr'><strong>amabam,</strong></span> <span class='ocrx_word' id='word_1_60' title='bbox 1408 1928 1438 1974; x_wconf 82' lang='lat' dir='ltr'><strong>ao</strong></span> 
     </span>
    </p>

    <p class='ocr_par' dir='ltr' id='par_1_11' title="bbox 373 2011 1138 2090">
     <span class='ocr_line' id='line_1_11' title="bbox 373 2011 1138 2090; baseline -0.004 -18"><span class='ocrx_word' id='word_1_61' title='bbox 373 2013 440 2083; x_wconf 87' lang='lat' dir='ltr'><strong>Quo</strong></span> <span class='ocrx_word' id='word_1_62' title='bbox 456 2012 544 2071; x_wconf 80' lang='lat' dir='ltr'><strong>vafer</strong></span> <span class='ocrx_word' id='word_1_63' title='bbox 558 2011 615 2071; x_wconf 93' lang='lat' dir='ltr'><strong>ille</strong></span> <span class='ocrx_word' id='word_1_64' title='bbox 628 2012 725 2090; x_wconf 88' lang='lat' dir='ltr'><strong>pedes</strong></span> <span class='ocrx_word' id='word_1_65' title='bbox 741 2011 872 2072; x_wconf 87' lang='lat' dir='ltr'><strong>lavisset</strong></span> <span class='ocrx_word' id='word_1_66' title='bbox 887 2011 1043 2089; x_wconf 88' lang='lat' dir='ltr'>Sisyphus</span> <span class='ocrx_word' id='word_1_67' title='bbox 1058 2029 1138 2085; x_wconf 87' lang='lat' dir='ltr'><strong>aere,</strong></span> 
     </span>
    </p>

    <p class='ocr_par' dir='ltr' id='par_1_12' title="bbox 373 2108 1227 2186">
     <span class='ocr_line' id='line_1_12' title="bbox 373 2108 1227 2186; baseline -0.002 -18"><span class='ocrx_word' id='word_1_68' title='bbox 373 2109 456 2180; x_wconf 86' lang='lat' dir='ltr'><strong>Quid</strong></span> <span class='ocrx_word' id='word_1_69' title='bbox 471 2108 629 2186; x_wconf 87' lang='lat' dir='ltr'><strong>sculptum</strong></span> <span class='ocrx_word' id='word_1_70' title='bbox 645 2108 780 2181; x_wconf 83' lang='lat' dir='ltr'><strong>infabre,</strong></span> <span class='ocrx_word' id='word_1_71' title='bbox 795 2109 872 2185; x_wconf 91' lang='lat' dir='ltr'><strong>quid</strong></span> <span class='ocrx_word' id='word_1_72' title='bbox 887 2108 996 2168; x_wconf 83' lang='lat' dir='ltr'><strong>fusum</strong></span> <span class='ocrx_word' id='word_1_73' title='bbox 1012 2108 1122 2168; x_wconf 87' lang='lat' dir='ltr'><strong>durius</strong></span> <span class='ocrx_word' id='word_1_74' title='bbox 1136 2116 1227 2168; x_wconf 88' lang='lat' dir='ltr'><strong>esset.</strong></span> 
     </span>
    </p>

    <p class='ocr_par' dir='ltr' id='par_1_13' title="bbox 373 2204 1142 2284">
     <span class='ocr_line' id='line_1_13' title="bbox 373 2204 1142 2284; baseline -0.007 -17"><span class='ocrx_word' id='word_1_75' title='bbox 373 2206 515 2267; x_wconf 86' lang='lat' dir='ltr'><strong>Callidus</strong></span> <span class='ocrx_word' id='word_1_76' title='bbox 530 2205 603 2266; x_wconf 90' lang='lat' dir='ltr'><strong>huic</strong></span> <span class='ocrx_word' id='word_1_77' title='bbox 620 2206 710 2281; x_wconf 87' lang='lat' dir='ltr'><strong>signo</strong></span> <span class='ocrx_word' id='word_1_78' title='bbox 725 2205 878 2284; x_wconf 87' lang='lat' dir='ltr'><strong>ponebam</strong></span> <span class='ocrx_word' id='word_1_79' title='bbox 894 2204 984 2264; x_wconf 89' lang='lat' dir='ltr'><strong>milia</strong></span> <span class='ocrx_word' id='word_1_80' title='bbox 998 2211 1142 2279; x_wconf 90' lang='lat' dir='ltr'><strong>centum;</strong></span> 
     </span>
    </p>

    <p class='ocr_par' dir='ltr' id='par_1_14' title="bbox 373 2303 1113 2380">
     <span class='ocr_line' id='line_1_14' title="bbox 373 2303 1113 2380; baseline -0.001 -17"><span class='ocrx_word' id='word_1_81' title='bbox 373 2304 492 2364; x_wconf 90' lang='lat' dir='ltr'><strong>Hortos</strong></span> <span class='ocrx_word' id='word_1_82' title='bbox 507 2303 712 2380; x_wconf 84' lang='lat' dir='ltr'><strong>egregiasque</strong></span> <span class='ocrx_word' id='word_1_83' title='bbox 727 2303 835 2363; x_wconf 89' lang='lat' dir='ltr'><strong>domos</strong></span> <span class='ocrx_word' id='word_1_84' title='bbox 851 2303 1018 2362; x_wconf 84' lang='lat' dir='ltr'><strong>mercarier</strong></span> <span class='ocrx_word' id='word_1_85' title='bbox 1033 2321 1113 2362; x_wconf 90' lang='lat' dir='ltr'><strong>unus</strong></span> 
     </span>
    </p>

    <p class='ocr_par' dir='ltr' id='par_1_15' title="bbox 371 2396 1436 2477">
     <span class='ocr_line' id='line_1_15' title="bbox 371 2396 1436 2477; baseline -0.003 -15"><span class='ocrx_word' id='word_1_86' title='bbox 371 2401 451 2462; x_wconf 87' lang='lat' dir='ltr'><strong>Cum</strong></span> <span class='ocrx_word' id='word_1_87' title='bbox 467 2400 552 2461; x_wconf 86' lang='lat' dir='ltr'><strong>lucro</strong></span> <span class='ocrx_word' id='word_1_88' title='bbox 568 2420 692 2476; x_wconf 81' lang='lat' dir='ltr'><strong>noram3</strong></span> <span class='ocrx_word' id='word_1_89' title='bbox 715 2396 798 2460; x_wconf 84' lang='lat' dir='ltr'><strong>unde</strong></span> <span class='ocrx_word' id='word_1_90' title='bbox 814 2399 995 2477; x_wconf 83' lang='lat' dir='ltr'><strong>frequentia</strong></span> <span class='ocrx_word' id='word_1_91' title='bbox 1009 2397 1196 2459; x_wconf 82' lang='lat' dir='ltr'><strong>Mercuriale</strong></span> <span class='ocrx_word' id='word_1_92' title='bbox 1406 2412 1436 2459; x_wconf 78' lang='lat'><strong>25</strong></span> 
     </span>
    </p>

    <p class='ocr_par' dir='ltr' id='par_1_16' title="bbox 372 2495 1203 2576">
     <span class='ocr_line' id='line_1_16' title="bbox 372 2495 1203 2576; baseline -0.004 -20"><span class='ocrx_word' id='word_1_93' title='bbox 372 2498 553 2576; x_wconf 88' lang='lat' dir='ltr'><strong>Imposuere</strong></span> <span class='ocrx_word' id='word_1_94' title='bbox 569 2498 646 2557; x_wconf 90' lang='lat' dir='ltr'><strong>mihi</strong></span> <span class='ocrx_word' id='word_1_95' title='bbox 661 2516 832 2575; x_wconf 83' lang='lat' dir='ltr'><strong>cognomen</strong></span> <span class='ocrx_word' id='word_1_96' title='bbox 848 2497 994 2574; x_wconf 81' lang='lat' dir='ltr'><strong>compita</strong></span> <span class='ocrx_word' id='word_1_97' title='bbox 1038 2498 1089 2555; x_wconf 73' lang='lat' dir='ltr'><strong>H:</strong></span> <span class='ocrx_word' id='word_1_98' title='bbox 1109 2495 1139 2554; x_wconf 92' lang='lat' dir='ltr'>N</span> <span class='ocrx_word' id='word_1_99' title='bbox 1142 2496 1203 2570; x_wconf 84' lang='lat' dir='ltr'><strong>ovi,</strong></span> 
     </span>
    </p>

    <p class='ocr_par' dir='ltr' id='par_1_17' title="bbox 370 2594 1124 2673">
     <span class='ocr_line' id='line_1_17' title="bbox 370 2594 1124 2673; baseline -0.005 -18"><span class='ocrx_word' id='word_1_100' title='bbox 370 2596 414 2655; x_wconf 83' lang='lat' dir='ltr'><strong>Et</strong></span> <span class='ocrx_word' id='word_1_101' title='bbox 427 2595 524 2654; x_wconf 89' lang='lat' dir='ltr'><strong>miror</strong></span> <span class='ocrx_word' id='word_1_102' title='bbox 538 2594 638 2654; x_wconf 92' lang='lat' dir='ltr'><strong>morbi</strong></span> <span class='ocrx_word' id='word_1_103' title='bbox 653 2601 820 2673; x_wconf 80' lang='lat' dir='ltr'><strong>purgatum</strong></span> <span class='ocrx_word' id='word_1_104' title='bbox 837 2602 868 2654; x_wconf 89' lang='lat' dir='ltr'><strong>te</strong></span> <span class='ocrx_word' id='word_1_105' title='bbox 883 2594 980 2653; x_wconf 88' lang='lat' dir='ltr'><strong>illius.</strong></span> <span class='ocrx_word' id='word_1_106' title='bbox 1023 2594 1124 2671; x_wconf 89' lang='lat' dir='ltr'><strong>Atqui</strong></span> 
     </span>
    </p>

    <p class='ocr_par' dir='ltr' id='par_1_18' title="bbox 371 2690 1145 2764">
     <span class='ocr_line' id='line_1_18' title="bbox 371 2690 1145 2764; baseline -0.004 -14"><span class='ocrx_word' id='word_1_107' title='bbox 371 2692 500 2750; x_wconf 84' lang='lat' dir='ltr'><strong>Emovit</strong></span> <span class='ocrx_word' id='word_1_108' title='bbox 516 2699 651 2751; x_wconf 85' lang='lat' dir='ltr'><strong>veterem</strong></span> <span class='ocrx_word' id='word_1_109' title='bbox 667 2692 746 2750; x_wconf 91' lang='lat' dir='ltr'><strong>mire</strong></span> <span class='ocrx_word' id='word_1_110' title='bbox 761 2709 871 2764; x_wconf 84' lang='lat' dir='ltr'><strong>novus,</strong></span> <span class='ocrx_word' id='word_1_111' title='bbox 886 2699 923 2749; x_wconf 86' lang='lat' dir='ltr'><strong>ut</strong></span> <span class='ocrx_word' id='word_1_112' title='bbox 939 2690 1029 2763; x_wconf 91' lang='lat' dir='ltr'><strong>solet,</strong></span> <span class='ocrx_word' id='word_1_113' title='bbox 1045 2691 1077 2747; x_wconf 91' lang='lat' dir='ltr'><strong>in</strong></span> <span class='ocrx_word' id='word_1_114' title='bbox 1092 2708 1145 2749; x_wconf 90' lang='lat' dir='ltr'><strong>cor</strong></span> 
     </span>
    </p>

    <p class='ocr_par' dir='ltr' id='par_1_19' title="bbox 369 2786 1062 2864">
     <span class='ocr_line' id='line_1_19' title="bbox 369 2786 1062 2864; baseline -0.003 -17"><span class='ocrx_word' id='word_1_115' title='bbox 369 2788 515 2848; x_wconf 84' lang='lat' dir='ltr'><strong>Treiecto</strong></span> <span class='ocrx_word' id='word_1_116' title='bbox 530 2788 640 2847; x_wconf 83' lang='lat' dir='ltr'><strong>lateris</strong></span> <span class='ocrx_word' id='word_1_117' title='bbox 655 2788 762 2846; x_wconf 92' lang='lat' dir='ltr'><strong>miseri</strong></span> <span class='ocrx_word' id='word_1_118' title='bbox 778 2788 931 2864; x_wconf 87' lang='lat' dir='ltr'><strong>capitisve</strong></span> <span class='ocrx_word' id='word_1_119' title='bbox 947 2786 1062 2859; x_wconf 89' lang='lat' dir='ltr'><strong>dolore,</strong></span> 
     </span>
    </p>

    <p class='ocr_par' dir='ltr' id='par_1_20' title="bbox 278 2870 1433 3154">
     <span class='ocr_line' id='line_1_20' title="bbox 371 2870 1433 2961; baseline -0.002 -15"><span class='ocrx_word' id='word_1_120' title='bbox 371 2886 417 2946; x_wconf 93' lang='lat' dir='ltr'><strong>Ut</strong></span> <span class='ocrx_word' id='word_1_121' title='bbox 431 2870 624 2958; x_wconf 85' lang='lat' dir='ltr'><strong>lethargicus</strong></span> <span class='ocrx_word' id='word_1_122' title='bbox 640 2882 691 2943; x_wconf 92' lang='lat' dir='ltr'><strong>hic</strong></span> <span class='ocrx_word' id='word_1_123' title='bbox 706 2902 774 2943; x_wconf 91' lang='lat' dir='ltr'><strong>cum</strong></span> <span class='ocrx_word' id='word_1_124' title='bbox 791 2883 829 2942; x_wconf 93' lang='lat' dir='ltr'><strong>fit</strong></span> <span class='ocrx_word' id='word_1_125' title='bbox 844 2883 933 2961; x_wconf 87' lang='lat' dir='ltr'><strong>pugil</strong></span> <span class='ocrx_word' id='word_1_126' title='bbox 948 2892 981 2941; x_wconf 88' lang='lat' dir='ltr'><strong>et</strong></span> <span class='ocrx_word' id='word_1_127' title='bbox 995 2883 1152 2942; x_wconf 92' lang='lat' dir='ltr'><strong>medicum</strong></span> <span class='ocrx_word' id='word_1_128' title='bbox 1166 2890 1263 2959; x_wconf 82' lang='lat' dir='ltr'><strong>urget.</strong></span> <span class='ocrx_word' id='word_1_129' title='bbox 1337 2894 1343 2903; x_wconf 82' lang='lat'>&#39;</span> <span class='ocrx_word' id='word_1_130' title='bbox 1403 2897 1433 2944; x_wconf 82' lang='grc' dir='ltr'><strong>3ο</strong></span> 
     </span>
     <span class='ocr_line' id='line_1_21' title="bbox 284 2979 1394 3057; baseline 0.006 -22"><span class='ocrx_word' id='word_1_131' title='bbox 284 3030 286 3035; x_wconf 35' lang='lat'><em>2</em></span> <span class='ocrx_word' id='word_1_132' title='bbox 369 2981 454 3040; x_wconf 93' lang='lat' dir='ltr'><strong>Dum</strong></span> <span class='ocrx_word' id='word_1_133' title='bbox 469 2998 507 3039; x_wconf 88' lang='lat' dir='ltr'><strong>ne</strong></span> <span class='ocrx_word' id='word_1_134' title='bbox 523 2980 599 3057; x_wconf 92' lang='lat' dir='ltr'><strong>quid</strong></span> <span class='ocrx_word' id='word_1_135' title='bbox 615 2979 718 3039; x_wconf 91' lang='lat' dir='ltr'><strong>simile</strong></span> <span class='ocrx_word' id='word_1_136' title='bbox 734 2979 816 3053; x_wconf 86' lang='lat' dir='ltr'><strong>huic,</strong></span> <span class='ocrx_word' id='word_1_137' title='bbox 831 2989 900 3039; x_wconf 91' lang='lat' dir='ltr'><strong>esto</strong></span> <span class='ocrx_word' id='word_1_138' title='bbox 914 2988 951 3038; x_wconf 88' lang='lat' dir='ltr'><strong>ut</strong></span> <span class='ocrx_word' id='word_1_139' title='bbox 966 2979 1050 3039; x_wconf 89' lang='lat' dir='ltr'><strong>libet.</strong></span> <span class='ocrx_word' id='word_1_140' title='bbox 1095 2980 1133 3038; x_wconf 85' lang='lat' dir='ltr'><strong>D.</strong></span> <span class='ocrx_word' id='word_1_141' title='bbox 1164 2980 1293 3056; x_wconf 90' lang='lat' dir='ltr'><strong>Obone,</strong></span> <span class='ocrx_word' id='word_1_142' title='bbox 1308 2989 1394 3042; x_wconf 91' lang='lat' dir='ltr'><strong>nete</strong></span> 
     </span>
     <span class='ocr_line' id='line_1_22' title="bbox 278 3075 1199 3154; baseline -0.001 -17"><span class='ocrx_word' id='word_1_143' title='bbox 278 3087 279 3090; x_wconf 76' lang='grc'>’</span> <span class='ocrx_word' id='word_1_144' title='bbox 369 3078 542 3151; x_wconf 86' lang='lat' dir='ltr'><strong>Frustrere,</strong></span> <span class='ocrx_word' id='word_1_145' title='bbox 559 3077 679 3137; x_wconf 88' lang='lat' dir='ltr'><strong>insanis</strong></span> <span class='ocrx_word' id='word_1_146' title='bbox 694 3084 727 3135; x_wconf 89' lang='lat' dir='ltr'><strong>et</strong></span> <span class='ocrx_word' id='word_1_147' title='bbox 741 3082 785 3149; x_wconf 91' lang='lat' dir='ltr'><strong>tu,</strong></span> <span class='ocrx_word' id='word_1_148' title='bbox 802 3075 956 3152; x_wconf 89' lang='lat' dir='ltr'><strong>stultique</strong></span> <span class='ocrx_word' id='word_1_149' title='bbox 972 3094 1067 3154; x_wconf 88' lang='lat' dir='ltr'><strong>prope</strong></span> <span class='ocrx_word' id='word_1_150' title='bbox 1083 3095 1199 3150; x_wconf 89' lang='lat' dir='ltr'><strong>omnes,</strong></span> 
     </span>
    </p>

    <p class='ocr_par' dir='ltr' id='par_1_21' title="bbox 369 3173 1165 3252">
     <span class='ocr_line' id='line_1_23' title="bbox 369 3173 1165 3252; baseline -0.003 -18"><span class='ocrx_word' id='word_1_151' title='bbox 369 3175 403 3234; x_wconf 89' lang='lat' dir='ltr'><strong>Si</strong></span> <span class='ocrx_word' id='word_1_152' title='bbox 419 3174 495 3252; x_wconf 93' lang='lat' dir='ltr'><strong>quid</strong></span> <span class='ocrx_word' id='word_1_153' title='bbox 511 3173 683 3234; x_wconf 86' lang='lat' dir='ltr'><strong>Stertinius</strong></span> <span class='ocrx_word' id='word_1_154' title='bbox 700 3174 766 3232; x_wconf 90' lang='lat' dir='ltr'><strong>veri</strong></span> <span class='ocrx_word' id='word_1_155' title='bbox 782 3181 898 3250; x_wconf 87' lang='lat' dir='ltr'><strong>crepat,</strong></span> <span class='ocrx_word' id='word_1_156' title='bbox 914 3173 998 3232; x_wconf 89' lang='lat' dir='ltr'><strong>unde</strong></span> <span class='ocrx_word' id='word_1_157' title='bbox 1014 3191 1071 3249; x_wconf 87' lang='lat' dir='ltr'><strong>ego</strong></span> <span class='ocrx_word' id='word_1_158' title='bbox 1086 3174 1165 3233; x_wconf 86' lang='lat' dir='ltr'><strong>mira</strong></span> 
     </span>
    </p>

    <p class='ocr_par' dir='ltr' id='par_1_22' title="bbox 368 3270 1238 3348">
     <span class='ocr_line' id='line_1_24' title="bbox 368 3270 1238 3348; baseline 0 -18"><span class='ocrx_word' id='word_1_159' title='bbox 368 3272 530 3348; x_wconf 86' lang='lat' dir='ltr'><strong>Descripsi</strong></span> <span class='ocrx_word' id='word_1_160' title='bbox 546 3270 658 3330; x_wconf 91' lang='lat' dir='ltr'><strong>docilis</strong></span> <span class='ocrx_word' id='word_1_161' title='bbox 674 3278 841 3348; x_wconf 87' lang='lat' dir='ltr'><strong>praecepta</strong></span> <span class='ocrx_word' id='word_1_162' title='bbox 855 3270 941 3343; x_wconf 86' lang='lat' dir='ltr'><strong>haec,</strong></span> <span class='ocrx_word' id='word_1_163' title='bbox 957 3280 1097 3347; x_wconf 86' lang='lat' dir='ltr'><strong>tempore</strong></span> <span class='ocrx_word' id='word_1_164' title='bbox 1112 3289 1174 3347; x_wconf 92' lang='lat' dir='ltr'><strong>quo</strong></span> <span class='ocrx_word' id='word_1_165' title='bbox 1189 3289 1238 3330; x_wconf 89' lang='lat' dir='ltr'><strong>me</strong></span> 
     </span>
    </p>

    <p class='ocr_par' dir='ltr' id='par_1_23' title="bbox 368 3367 1080 3445">
     <span class='ocr_line' id='line_1_25' title="bbox 368 3367 1080 3445; baseline -0.003 -18"><span class='ocrx_word' id='word_1_166' title='bbox 368 3368 495 3428; x_wconf 88' lang='lat' dir='ltr'><strong>Solatus</strong></span> <span class='ocrx_word' id='word_1_167' title='bbox 510 3368 604 3427; x_wconf 91' lang='lat' dir='ltr'><strong>iussit</strong></span> <span class='ocrx_word' id='word_1_168' title='bbox 619 3370 794 3445; x_wconf 87' lang='lat' dir='ltr'><strong>sapientem</strong></span> <span class='ocrx_word' id='word_1_169' title='bbox 811 3384 937 3444; x_wconf 89' lang='lat' dir='ltr'><strong>pascere</strong></span> <span class='ocrx_word' id='word_1_170' title='bbox 953 3367 1080 3426; x_wconf 85' lang='lat' dir='ltr'><strong>barbam</strong></span> 
     </span>
    </p>

    <p class='ocr_par' dir='ltr' id='par_1_24' title="bbox 367 3464 1137 3542">
     <span class='ocr_line' id='line_1_26' title="bbox 367 3464 1137 3542; baseline -0.003 -19"><span class='ocrx_word' id='word_1_171' title='bbox 367 3467 473 3542; x_wconf 84' lang='lat' dir='ltr'><strong>Atque</strong></span> <span class='ocrx_word' id='word_1_172' title='bbox 489 3482 508 3523; x_wconf 87' lang='lat' dir='ltr'><strong>a</strong></span> <span class='ocrx_word' id='word_1_173' title='bbox 523 3465 666 3535; x_wconf 89' lang='lat' dir='ltr'><strong>Fabricio</strong></span> <span class='ocrx_word' id='word_1_174' title='bbox 681 3483 744 3523; x_wconf 91' lang='lat' dir='ltr'><strong>nou</strong></span> <span class='ocrx_word' id='word_1_175' title='bbox 759 3467 883 3524; x_wconf 89' lang='lat' dir='ltr'><strong>tristem</strong></span> <span class='ocrx_word' id='word_1_176' title='bbox 900 3472 994 3540; x_wconf 89' lang='lat' dir='ltr'><strong>ponte</strong></span> <span class='ocrx_word' id='word_1_177' title='bbox 1010 3464 1137 3522; x_wconf 87' lang='lat' dir='ltr'><strong>reverti.</strong></span> 
     </span>
    </p>

    <p class='ocr_par' dir='ltr' id='par_1_25' title="bbox 407 3560 1218 3637">
     <span class='ocr_line' id='line_1_27' title="bbox 407 3560 1218 3637; baseline -0.001 -15"><span class='ocrx_word' id='word_1_178' title='bbox 407 3563 491 3622; x_wconf 85' lang='lat' dir='ltr'><strong>Nam</strong></span> <span class='ocrx_word' id='word_1_179' title='bbox 506 3561 587 3620; x_wconf 85' lang='lat' dir='ltr'><strong>male</strong></span> <span class='ocrx_word' id='word_1_180' title='bbox 603 3580 635 3620; x_wconf 91' lang='lat' dir='ltr'><strong>re</strong></span> <span class='ocrx_word' id='word_1_181' title='bbox 650 3567 739 3637; x_wconf 88' lang='lat' dir='ltr'><strong>gesta</strong></span> <span class='ocrx_word' id='word_1_182' title='bbox 754 3578 823 3619; x_wconf 92' lang='lat' dir='ltr'><strong>cum</strong></span> <span class='ocrx_word' id='word_1_183' title='bbox 840 3560 954 3620; x_wconf 89' lang='lat' dir='ltr'><strong>vellem</strong></span> <span class='ocrx_word' id='word_1_184' title='bbox 969 3561 1094 3620; x_wconf 89' lang='lat' dir='ltr'><strong>mittere</strong></span> <span class='ocrx_word' id='word_1_185' title='bbox 1109 3567 1218 3637; x_wconf 88' lang='lat' dir='ltr'><strong>operto</strong></span> 
     </span>
    </p>

    <p class='ocr_par' dir='ltr' id='par_1_26' title="bbox 367 3657 1229 3737">
     <span class='ocr_line' id='line_1_28' title="bbox 367 3657 1229 3737; baseline 0 -20"><span class='ocrx_word' id='word_1_186' title='bbox 367 3659 420 3717; x_wconf 92' lang='lat' dir='ltr'><strong>Me</strong></span> <span class='ocrx_word' id='word_1_187' title='bbox 434 3659 538 3737; x_wconf 91' lang='lat' dir='ltr'><strong>capite</strong></span> <span class='ocrx_word' id='word_1_188' title='bbox 553 3658 586 3717; x_wconf 86' lang='lat' dir='ltr'><strong>in</strong></span> <span class='ocrx_word' id='word_1_189' title='bbox 602 3657 727 3731; x_wconf 90' lang='lat' dir='ltr'><strong>flumen,</strong></span> <span class='ocrx_word' id='word_1_190' title='bbox 743 3657 853 3717; x_wconf 84' lang='lat' dir='ltr'><strong>dexter</strong></span> <span class='ocrx_word' id='word_1_191' title='bbox 868 3658 958 3718; x_wconf 88' lang='lat' dir='ltr'><strong>stetit</strong></span> <span class='ocrx_word' id='word_1_192' title='bbox 972 3664 1005 3717; x_wconf 90' lang='lat' dir='ltr'><strong>et</strong></span> <span class='ocrx_word' id='word_1_193' title='bbox 1019 3657 1130 3717; x_wconf 83' lang='lat' dir='ltr'><strong>“Cave</strong></span> <span class='ocrx_word' id='word_1_194' title='bbox 1146 3658 1229 3718; x_wconf 83' lang='lat' dir='ltr'><strong>fanis</strong></span> 
     </span>
    </p>

    <p class='ocr_par' dir='ltr' id='par_1_27' title="bbox 365 3755 1363 3835">
     <span class='ocr_line' id='line_1_29' title="bbox 365 3755 1363 3835; baseline 0.003 -21"><span class='ocrx_word' id='word_1_195' title='bbox 365 3755 410 3815; x_wconf 90' lang='lat' dir='ltr'><strong>Te</strong></span> <span class='ocrx_word' id='word_1_196' title='bbox 425 3756 592 3833; x_wconf 88' lang='lat' dir='ltr'><strong>quicquam</strong></span> <span class='ocrx_word' id='word_1_197' title='bbox 609 3755 791 3831; x_wconf 84' lang='lat' dir='ltr'><strong>indignum3</strong></span> <span class='ocrx_word' id='word_1_198' title='bbox 815 3756 915 3832; x_wconf 89' lang='lat' dir='ltr'><strong>pudor</strong></span> <span class='ocrx_word' id='word_1_199' title='bbox 923 3755 940 3785; x_wconf 80' lang='lat'><strong>&#39;²</strong></span> <span class='ocrx_word' id='word_1_200' title='bbox 956 3755 1061 3832; x_wconf 89' lang='lat' dir='ltr'><strong>inquit</strong></span> <span class='ocrx_word' id='word_1_201' title='bbox 1078 3760 1135 3813; x_wconf 88' lang='lat' dir='ltr'><strong>“te</strong></span> <span class='ocrx_word' id='word_1_202' title='bbox 1149 3756 1250 3816; x_wconf 88' lang='lat' dir='ltr'><strong>melus</strong></span> <span class='ocrx_word' id='word_1_203' title='bbox 1265 3758 1363 3835; x_wconf 83' lang='lat' dir='ltr'><strong>augit,</strong></span> 
     </span>
    </p>

    <p class='ocr_par' dir='ltr' id='par_1_28' title="bbox 367 3852 1429 3930">
     <span class='ocr_line' id='line_1_30' title="bbox 367 3852 1429 3930; baseline 0.004 -20"><span class='ocrx_word' id='word_1_204' title='bbox 367 3852 501 3913; x_wconf 90' lang='lat' dir='ltr'><strong>Insanos</strong></span> <span class='ocrx_word' id='word_1_205' title='bbox 515 3854 569 3930; x_wconf 92' lang='lat' dir='ltr'><strong>qui</strong></span> <span class='ocrx_word' id='word_1_206' title='bbox 585 3853 668 3913; x_wconf 86' lang='lat' dir='ltr'><strong>inter</strong></span> <span class='ocrx_word' id='word_1_207' title='bbox 682 3871 808 3912; x_wconf 86' lang='lat' dir='ltr'><strong>vereare</strong></span> <span class='ocrx_word' id='word_1_208' title='bbox 824 3855 953 3912; x_wconf 89' lang='lat' dir='ltr'><strong>insanus</strong></span> <span class='ocrx_word' id='word_1_209' title='bbox 969 3852 1087 3911; x_wconf 90' lang='lat' dir='ltr'><strong>haberi.</strong></span> <span class='ocrx_word' id='word_1_210' title='bbox 1398 3868 1429 3914; x_wconf 78' lang='lat'><strong>40</strong></span> 
     </span>
    </p>

    <p class='ocr_par' dir='ltr' id='par_1_29' title="bbox 366 3949 1360 4028">
     <span class='ocr_line' id='line_1_31' title="bbox 366 3949 1360 4028; baseline 0.004 -20"><span class='ocrx_word' id='word_1_211' title='bbox 366 3950 507 4010; x_wconf 91' lang='lat' dir='ltr'><strong>Primum</strong></span> <span class='ocrx_word' id='word_1_212' title='bbox 524 3969 594 4010; x_wconf 89' lang='lat' dir='ltr'><strong>nam</strong></span> <span class='ocrx_word' id='word_1_213' title='bbox 611 3951 777 4027; x_wconf 90' lang='lat' dir='ltr'><strong>inquiram,</strong></span> <span class='ocrx_word' id='word_1_214' title='bbox 794 3950 871 4028; x_wconf 93' lang='lat' dir='ltr'><strong>quid</strong></span> <span class='ocrx_word' id='word_1_215' title='bbox 886 3951 929 4009; x_wconf 88' lang='lat' dir='ltr'><strong>sit</strong></span> <span class='ocrx_word' id='word_1_216' title='bbox 944 3951 1066 4023; x_wconf 81' lang='lat' dir='ltr'><strong>furere3</strong></span> <span class='ocrx_word' id='word_1_217' title='bbox 1091 3949 1148 4010; x_wconf 88' lang='lat' dir='ltr'><strong>hoc</strong></span> <span class='ocrx_word' id='word_1_218' title='bbox 1164 3951 1191 4011; x_wconf 90' lang='lat' dir='ltr'><strong>si</strong></span> <span class='ocrx_word' id='word_1_219' title='bbox 1206 3951 1267 4011; x_wconf 88' lang='lat' dir='ltr'><strong>erit</strong></span> <span class='ocrx_word' id='word_1_220' title='bbox 1282 3952 1314 4011; x_wconf 90' lang='lat' dir='ltr'><strong>iu</strong></span> <span class='ocrx_word' id='word_1_221' title='bbox 1328 3958 1360 4012; x_wconf 89' lang='lat' dir='ltr'><strong>te</strong></span> 
     </span>
    </p>

    <p class='ocr_par' dir='ltr' id='par_1_30' title="bbox 366 4047 1132 4126">
     <span class='ocr_line' id='line_1_32' title="bbox 366 4047 1132 4126; baseline -0.001 -18"><span class='ocrx_word' id='word_1_222' title='bbox 366 4047 449 4121; x_wconf 89' lang='lat' dir='ltr'><strong>Solo,</strong></span> <span class='ocrx_word' id='word_1_223' title='bbox 464 4047 509 4106; x_wconf 91' lang='lat' dir='ltr'><strong>nil</strong></span> <span class='ocrx_word' id='word_1_224' title='bbox 525 4048 621 4121; x_wconf 85' lang='lat' dir='ltr'><strong>verbi,</strong></span> <span class='ocrx_word' id='word_1_225' title='bbox 638 4065 748 4126; x_wconf 91' lang='lat' dir='ltr'><strong>pereas</strong></span> <span class='ocrx_word' id='word_1_226' title='bbox 764 4051 840 4124; x_wconf 91' lang='lat' dir='ltr'><strong>quin</strong></span> <span class='ocrx_word' id='word_1_227' title='bbox 857 4048 992 4121; x_wconf 81' lang='lat' dir='ltr'><strong>fortiter,</strong></span> <span class='ocrx_word' id='word_1_228' title='bbox 1009 4048 1132 4107; x_wconf 86' lang='lat' dir='ltr'><strong>addam.</strong></span> 
     </span>
    </p>

    <p class='ocr_par' dir='ltr' id='par_1_31' title="bbox 339 4143 1428 4420">
     <span class='ocr_line' id='line_1_33' title="bbox 339 4143 1231 4223; baseline 0.001 -18"><span class='ocrx_word' id='word_1_229' title='bbox 339 4143 345 4163; x_wconf 82' lang='grc'><strong>’</strong></span> <span class='ocrx_word' id='word_1_230' title='bbox 365 4145 462 4215; x_wconf 86' lang='lat' dir='ltr'><strong>Quem</strong></span> <span class='ocrx_word' id='word_1_231' title='bbox 478 4145 562 4204; x_wconf 87' lang='lat' dir='ltr'><strong>mala</strong></span> <span class='ocrx_word' id='word_1_232' title='bbox 576 4145 718 4206; x_wconf 89' lang='lat' dir='ltr'><strong>stultitia</strong></span> <span class='ocrx_word' id='word_1_233' title='bbox 732 4153 765 4206; x_wconf 90' lang='lat' dir='ltr'><strong>et</strong></span> <span class='ocrx_word' id='word_1_234' title='bbox 779 4163 1007 4223; x_wconf 89' lang='lat' dir='ltr'><strong>quemcumque</strong></span> <span class='ocrx_word' id='word_1_235' title='bbox 1023 4145 1151 4206; x_wconf 86' lang='lat' dir='ltr'><strong>inscitia</strong></span> <span class='ocrx_word' id='word_1_236' title='bbox 1166 4148 1231 4206; x_wconf 90' lang='lat' dir='ltr'><strong>veri</strong></span> 
     </span>
     <span class='ocr_line' id='line_1_34' title="bbox 365 4242 1232 4322; baseline 0.001 -20"><span class='ocrx_word' id='word_1_237' title='bbox 365 4242 500 4302; x_wconf 84' lang='lat' dir='ltr'><strong>Caecum</strong></span> <span class='ocrx_word' id='word_1_238' title='bbox 514 4242 590 4319; x_wconf 86' lang='lat' dir='ltr'><strong>agit,</strong></span> <span class='ocrx_word' id='word_1_239' title='bbox 606 4242 753 4303; x_wconf 87' lang='lat' dir='ltr'><strong>insanum</strong></span> <span class='ocrx_word' id='word_1_240' title='bbox 768 4243 940 4321; x_wconf 82' lang='lat' dir='ltr'><strong>Chrysippi</strong></span> <span class='ocrx_word' id='word_1_241' title='bbox 957 4243 1095 4320; x_wconf 89' lang='lat' dir='ltr'><strong>porticus</strong></span> <span class='ocrx_word' id='word_1_242' title='bbox 1111 4251 1142 4303; x_wconf 91' lang='lat' dir='ltr'><strong>et</strong></span> <span class='ocrx_word' id='word_1_243' title='bbox 1156 4264 1232 4322; x_wconf 82' lang='lat' dir='ltr'><strong>grex</strong></span> 
     </span>
     <span class='ocr_line' id='line_1_35' title="bbox 364 4339 1428 4420; baseline 0.004 -22"><span class='ocrx_word' id='word_1_244' title='bbox 364 4341 529 4401; x_wconf 86' lang='lat' dir='ltr'><strong>Autumat.</strong></span> <span class='ocrx_word' id='word_1_245' title='bbox 572 4339 661 4400; x_wconf 87' lang='lat' dir='ltr'><strong>Haec</strong></span> <span class='ocrx_word' id='word_1_246' title='bbox 677 4339 817 4420; x_wconf 90' lang='lat' dir='ltr'><strong>populos,</strong></span> <span class='ocrx_word' id='word_1_247' title='bbox 833 4339 911 4400; x_wconf 87' lang='lat' dir='ltr'><strong>haec</strong></span> <span class='ocrx_word' id='word_1_248' title='bbox 924 4358 1055 4417; x_wconf 84' lang='lat' dir='ltr'><strong>magnos</strong></span> <span class='ocrx_word' id='word_1_249' title='bbox 1070 4340 1206 4402; x_wconf 85' lang='lat' dir='ltr'><strong>formula</strong></span> <span class='ocrx_word' id='word_1_250' title='bbox 1220 4360 1318 4419; x_wconf 86' lang='lat' dir='ltr'><strong>reges,</strong></span> <span class='ocrx_word' id='word_1_251' title='bbox 1397 4357 1428 4402; x_wconf 72' lang='lat'><strong>4⁵</strong></span> 
     </span>
    </p>
   </div>
   <div class='ocr_carea' id='block_1_3' title="bbox 0 0 1800 5067">
    <p class='ocr_par' dir='ltr' id='par_1_32' title="bbox 0 0 1800 5067">
     <span class='ocr_line' id='line_1_36' title="bbox 0 0 1800 5067; baseline 0 5"><span class='ocrx_word' id='word_1_252' title='bbox 0 0 1800 5067; x_wconf 95' lang='lat' dir='ltr'><strong> </strong></span> 
     </span>
    </p>
   </div>
  </div>
 </body>
</html>
