3592 5067
375 906 417 971 84
652 977 654 980 .
772 920 1034 972 rrrsrumnum
1394 920 1429 986 [1.

439 1092 462 1142 ὀ.
490 1092 595 1145 Horace
606 1094 692 1146 closea
704 1096 771 1145 with
782 1110 799 1146 a
810 1097 918 1159 parting
934 1095 1025 1145 thrust
1040 1102 1069 1145 at
1085 1096 1131 1146 the
1146 1093 1325 1160 exaggerated
1337 1093 1431 1146 claime

571 1170 600 1221 oi
611 1172 657 1222 the
670 1171 766 1235 Stoice,
781 1172 902 1222 106-108.

414 1271 442 1321 3.
468 1271 565 1323 Time:
582 1273 615 1323 20
626 1287 678 1324 mc.

413 1384 520 1446 Prima
534 1385 618 1446 dicte
632 1386 722 1462 mihi,
737 1406 860 1448 summa
873 1387 1005 1449 dicende
1020 1389 1164 1462 Camena,

373 1483 554 1561 Spectatum
569 1484 649 1546 satis
663 1490 696 1545 et
710 1484 861 1545 donatum
876 1485 939 1545 iam
954 1486 1031 1546 rude
1046 1485 1179 1564 quaeris,

373 1580 546 1657 Maecenas,
562 1581 677 1642 iterum
692 1582 824 1661 antiquo
838 1601 887 1643 me
902 1582 1061 1643 includere
1077 1583 1159 1643 lud0.

371 1676 444 1736 Non
458 1678 566 1738 eadem
581 1683 631 1739 est
644 1685 740 1754 aetas,
755 1699 817 1740 non
832 1699 929 1740 mens.
972 1679 1133 1754 Veianius,
1148 1677 1244 1739 armis

372 1774 519 1836 Herculis
534 1775 575 1836 ad
591 1782 713 1854 postem
728 1775 811 1852 fixis,
826 1776 906 1836 latet
920 1776 1047 1837 abditus
1061 1794 1145 1853 agro,

351 1908 354 1914 -
369 1870 420 1930 Ne
435 1872 584 1950 populum
600 1878 742 1933 extrema
754 1874 871 1934 totiens
885 1879 994 1933 exoret
1007 1873 1130 1932 harena

370 1968 430 2028 Est
444 1966 522 2027 mihi
538 1976 702 2047 purgatam
717 1970 825 2030 crebro
839 1970 894 2047 qui
909 1976 1056 2049 personet
1069 1988 1191 2030 aurem:

371 2064 481 2125 ‘Solve
496 2071 708 2126 senescentem
721 2072 843 2126 mature
857 2085 953 2127 sanus
968 2084 1091 2143 equum,
1106 2084 1147 2125 ne

370 2162 483 2221 Peccet
496 2162 537 2222 ad
551 2168 726 2221 extremum
741 2162 892 2223 ridendus
907 2169 940 2222 et
953 2163 1009 2222 ilia
1024 2163 1136 2222 ducat!

368 2258 463 2318 Nunc
477 2258 585 2335 itaque
599 2264 632 2318 et
645 2277 755 2319 versus
769 2264 802 2317 et
817 2266 921 2319 cetera
934 2259 1057 2318 ludicra
1070 2278 1166 2337 pcno;
1398 2272 1427 2318 ιο

367 2354 450 2425 Quid
465 2373 574 2414 verum
589 2361 684 2432 atque
699 2355 811 2415 decens
826 2373 900 2415 curo
914 2361 947 2415 et
961 2374 1044 2431 rogo,
1059 2363 1092 2415 et
1105 2357 1207 2416 omnis
1222 2355 1254 2413 in
1269 2356 1406 2416 horsum
1415 2378 1423 2430 ;

369 2451 475 2512 (londo
489 2458 522 2511 et
536 2469 688 2529 compono
701 2469 781 2528 quae
796 2470 868 2529 mox
882 2452 1064 2529 depromere
1078 2452 1204 2528 possim.

408 2549 456 2607 Ac
469 2566 509 2607 ne
524 2548 606 2607 forte
621 2566 711 2623 roges
726 2566 788 2625 qno
802 2566 851 2607 rne
866 2548 953 2621 duce,
969 2566 1031 2625 quo
1045 2548 1125 2607 Lare
1138 2553 1233 2621 tuter,

367 2644 497 2705 Nullius
512 2643 657 2704 addictus
672 2643 775 2704 iurare
790 2644 823 2703 in
838 2644 935 2704 verba
947 2644 1100 2720 magistri,

368 2741 436 2812 Quo
450 2759 645 2819 mecumque
659 2742 744 2820 rapit
758 2748 940 2818 tempestas,
956 2742 1079 2801 deferor
1093 2740 1215 2818 hospes.

367 2838 461 2897 Nunc
475 2837 567 2915 agilis
581 2837 624 2897 fio
638 2844 671 2897 et
685 2856 803 2898 mersor
813 2837 962 2898 civilibus
977 2838 1079 2925 undis,

367 2934 505 2996 Virtutis
519 2953 612 2995 verae
626 2941 731 2995 custos
746 2934 929 3012 rigidusque
944 2934 1088 3010 satelles3

366 3032 460 3092 Nunc
475 3032 508 3090 in
523 3031 683 3109 Aristippi
698 3032 810 3091 furtim
825 3040 995 3110 praecepta
1007 3031 1137 3106 relabor,

367 3130 410 3188 Et
424 3128 502 3187 mihi
517 3129 576 3203 r'es,
591 3147 654 3188 non
669 3147 718 3187 me
733 3129 835 3202 rebus,
851 3128 1038 3205 subiungere
1053 3147 1155 3188 conor.

367 3227 416 3287 Ut
430 3244 491 3285 nox
505 3224 599 3301 longa
612 3224 727 3302 quibus
741 3226 895 3285 mentitur
910 3226 1017 3299 amica,
1033 3225 1162 3301 diesque

368 3322 476 3397 Longa
490 3322 614 3382 videtur
628 3339 708 3400 opus
722 3321 919 3395 debentibus,
934 3329 970 3380 ut
985 3322 1073 3399 piger
1087 3340 1188 3381 annus

367 3418 514 3497 Pupillis,
530 3437 608 3496 quos
622 3418 702 3479 dura
715 3419 832 3496 premit
845 3419 990 3477 custodia
1003 3424 1158 3492 matrum;

367 3515 419 3575 Sic
432 3514 510 3574 mihi
525 3515 617 3575 tarda
630 3514 735 3575 fluunt
748 3515 935 3593 ingrataque
950 3521 1099 3591 tempora,
1115 3532 1195 3591 quae
1209 3532 1296 3592 spem

367 3612 603 3690 Consiliumque
614 3617 779 3672 morantur
794 3611 908 3687 agendi
922 3611 1046 3670 naviter
1060 3610 1093 3670 id
1108 3610 1191 3688 quod

365 3710 475 3786 Aeque
490 3709 679 3787 pauperibus
693 3708 829 3787 prodest,
845 3707 1053 3786 locupletibus
1070 3725 1177 3786 aeque,

366 3806 475 3883 Aeque
490 3805 667 3882 neglectum
683 3806 789 3883 pueris
804 3804 992 3882 senibusque
1007 3805 1139 3866 nocebit.

406 3902 519 3963 Restat
533 3907 569 3961 ut
583 3901 634 3961 his
649 3920 706 3978 ego
721 3921 769 3962 me
784 3902 852 3980 ipse
866 3919 972 3977 regam
987 3901 1129 3979 solerque
1144 3900 1318 3961 elementis.

365 4000 438 4060 Non
454 3998 557 4078 possis
571 3999 661 4060 oculo
676 4006 828 4075 quantum
842 3999 1030 4059 contendere
1044 3999 1206 4077 Lynceus;

366 4098 438 4156 Non
453 4104 558 4156 tamen
574 4096 690 4156 idcirco
704 4102 885 4156 contemnas
900 4095 1008 4174 lippus
1023 4095 1171 4171 inungui:

366 4195 442 4267 Nec,
457 4193 531 4276 quia
545 4193 692 4271 desperes
706 4192 818 4252 invicti
834 4193 973 4253 membra
987 4191 1147 4271 Glyconis,

365 4291 396 4349 N
399 4290 494 4351 odosa
507 4307 620 4368 corpus
634 4288 717 4350 nolis
732 4289 897 4369 prohibere
912 4289 1069 4365 cheragra.
