3592 5067
378 1001 499 1069 xvur]
791 979 942 1083 ''nrnns
965 997 986 1050 s

376 1174 420 1235 Et
435 1172 577 1249 neglecte
590 1170 694 1233 solent
707 1171 857 1232 incendia
871 1189 994 1232 sumere
1009 1171 1099 1232 vires

417 1269 528 1330 Dulcis
544 1269 716 1346 inexpertis
731 1268 856 1328 cultura
870 1269 1009 1346 potentis
1023 1268 1133 1345 amici;

376 1367 536 1446 Expertus
551 1372 679 1425 metuet.
722 1366 781 1439 Tu,
797 1365 872 1425 dum
887 1372 945 1425 tua
959 1366 1051 1425 naris
1065 1365 1099 1424 in
1113 1366 1179 1427 alto
1193 1373 1251 1443 est,

376 1464 446 1525 Hoc
461 1481 528 1541 age,
543 1481 582 1522 ne
596 1468 719 1522 mutata
733 1468 906 1522 retrorsum
921 1469 952 1521 te
967 1462 1049 1521 ferat
1063 1480 1147 1523 aura

375 1560 519 1623 Oderunt
533 1559 666 1619 hilarem
680 1558 791 1619 tristes
807 1559 993 1637 tristemque
1008 1560 1113 1635 iocosi,

375 1658 525 1719 Sedatum
542 1656 669 1730 celeres,
684 1655 800 1732 agilem
814 1673 994 1733 navumque
1009 1656 1148 1734 remissi,

373 1756 504 1816 Potores
520 1753 619 1815 bibuli
635 1753 739 1814 media
752 1754 792 1813 de
807 1760 898 1813 nocte
912 1753 1039 1813 Falerni

275 1858 278 1863 “
374 1852 517 1913 Oderunt
531 1856 674 1929 porrecta
687 1856 855 1926 negantem
871 1850 991 1928 pocula,
1006 1852 1152 1929 quamvis

372 1950 403 2009 N
405 1955 553 2009 octurnos
566 1948 649 2008 iures
665 1954 696 2007 te
711 1947 884 2008 formidare
898 1955 1031 2025 tepores.

372 2046 471 2106 Deme
486 2044 656 2123 supercilio
670 2044 803 2105 nubem:
825 2044 1011 2123 plerumque
1024 2045 1185 2107 modestus

372 2142 514 2221 Occupat
528 2141 652 2202 obscuri
667 2141 813 2219 speciem,
828 2141 1005 2202 taciturnus
1018 2142 1130 2203 acerbi.

308 2270 311 2275 ·
411 2240 501 2299 Inter
514 2245 628 2299 cuncta
642 2238 728 2316 leges
742 2245 776 2298 et
790 2239 1011 2317 percontabere
1025 2239 1142 2314 doctos,

370 2336 440 2407 Qua
453 2337 574 2397 rationo
589 2355 686 2415 queas
701 2336 865 2396 traducere
878 2335 994 2396 leniter
1007 2354 1128 2412 aevum,

369 2434 400 2493 N
403 2452 456 2492 um
471 2440 503 2494 te
518 2451 641 2512 semper
655 2434 746 2511 inops
761 2432 862 2510 agitet
876 2439 1030 2510 vexetque
1045 2434 1168 2512 cupido,

369 2530 456 2589 Num
470 2549 568 2609 pavor
582 2537 614 2590 et
628 2548 732 2590 rerum
746 2530 947 2590 mediocriter
961 2530 1088 2589 utilium
1103 2549 1184 2609 spes,

370 2626 530 2687 Virtutem
544 2626 689 2687 doctriua
703 2633 793 2704 paret
808 2632 962 2686 naturane
977 2626 1081 2700 donet,

368 2721 452 2792 Quid
466 2723 587 2783 minuat
600 2740 701 2797 curas,
717 2721 794 2800 quid
809 2729 841 2782 te
855 2722 916 2783 tibi
931 2722 1041 2783 reddat
1055 2723 1201 2800 amicum,

347 2819 351 2827 '
367 2817 451 2888 Quid
465 2837 543 2897 pure
557 2818 752 2896 tranquillet,
770 2817 868 2879 honos
882 2837 923 2878 an
938 2818 1028 2879 dulce
1043 2819 1202 2896 lucellum,

367 2914 419 2973 An
434 2921 589 2975 secretum
604 2915 664 2974 iter
678 2921 711 2974 et
725 2914 868 2975 fallentis
883 2916 997 2975 semita
1011 2915 1104 2975 vitae.

406 3010 460 3071 Me
475 3012 621 3088 quotiens
636 3009 738 3071 reiicit
752 3011 876 3087 gelidus
891 3012 1043 3087 Digentia
1056 3013 1153 3086 rivus,

366 3107 464 3178 Quem
474 3108 629 3169 ‚Mandela
643 3107 734 3183 bibit,
749 3126 882 3184 rugosus
900 3108 1018 3185 frigore
1033 3127 1140 3187 pagus,
1384 3126 1428 3173 roo

269 3229 273 3235 ·
365 3204 447 3275 Quid
463 3204 580 3265 sentire
595 3207 715 3283 putas?
756 3204 839 3275 Quid
855 3205 967 3280 credis,
982 3206 1090 3281 amice,
1106 3208 1255 3285 precari?

366 3300 432 3362 ‘Sit
446 3301 536 3376 mihi,
551 3302 635 3380 quod
650 3320 734 3362 nunc
748 3310 806 3377 est,
822 3303 919 3362 etiam
934 3303 1047 3376 minus,
1062 3311 1099 3362 ut
1112 3303 1192 3364 mihi
1208 3304 1313 3365 viram

276 3423 279 3429 ·
364 3396 453 3467 Quod
468 3406 612 3476 superest
625 3399 705 3474 aevi,
721 3398 749 3459 si
764 3399 842 3477 quid
857 3417 1020 3477 superesse
1035 3399 1146 3459 volunt
1161 3401 1212 3477 di;

365 3494 416 3555 Sit
429 3495 511 3555 bona
525 3494 676 3555 librorum
691 3503 724 3556 et
739 3496 883 3574 provisae
898 3496 1000 3572 frugis
1016 3496 1047 3555 in
1063 3514 1181 3556 annum

364 3590 471 3669 Copia,
487 3609 549 3651 neu
562 3591 683 3652 fluitem
699 3592 812 3652 dubiae
827 3610 882 3670 spe
897 3592 1053 3669 pendulus
1070 3593 1182 3653 horae!
1380 3610 1424 3656 110

404 3688 466 3748 Sed
481 3689 559 3748 satis
573 3696 622 3750 est
636 3706 724 3748 orare
741 3689 858 3763 lovem,
873 3707 954 3767 quae
974 3690 1063 3767 ponit
1077 3698 1109 3749 et
1123 3691 1245 3767 aufert3

363 3785 426 3846 Det
440 3785 547 3860 vitam,
563 3786 618 3846 det
631 3803 720 3864 opes;
742 3804 877 3865 aequum
892 3787 936 3845 mi
951 3786 1088 3846 animum
1105 3786 1173 3865 ipse
1188 3787 1312 3865 parabo.
