3592 5067
382 860 446 928 158
788 873 1049 926 nrrsrunnnnu

422 1046 449 1107 0
463 1045 564 1107 maior
578 1047 737 1123 iuvenum,
753 1048 898 1128 quamvis
913 1054 945 1108 et
958 1066 1032 1108 voce
1047 1054 1180 1125 paterna

380 1142 525 1219 Fingeris
540 1144 580 1205 ad
596 1153 717 1206 rectum
732 1152 764 1205 et
778 1163 834 1224 per
848 1152 879 1205 te
893 1143 988 1224 sapis,
1003 1145 1061 1204 hoc
1076 1145 1136 1206 tibi
1151 1145 1270 1206 dictum

380 1240 470 1301 Tolle
483 1260 612 1319 memor,
628 1243 723 1303 certis
737 1243 876 1302 medium
891 1249 924 1303 et
937 1242 1101 1303 tolerabile
1115 1243 1208 1303 rebus

380 1336 477 1399 Recte
492 1339 630 1400 concedi.
674 1339 844 1401 Consultus
858 1339 937 1401 iuris
952 1346 984 1399 et
997 1347 1083 1400 actor

380 1434 551 1497 Causarum
566 1437 734 1498 mediocris
749 1437 838 1497 abest
853 1436 971 1496 virtute
985 1438 1096 1498 diserti

379 1533 556 1609 Messallae,
572 1552 630 1595 nec
645 1534 707 1595 scit
721 1540 875 1613 quantum
890 1534 1061 1595 Cascellius
1075 1535 1189 1611 Aulus,

379 1629 442 1690 Sed
455 1636 561 1691 tamen
576 1632 609 1691 in
625 1631 727 1709 pretio
742 1638 805 1707 est余
828 1632 1036 1692 mediocribus
1050 1650 1118 1694 esse
1133 1632 1235 1711 poetis
1340 1690 1343 1695 ,

377 1726 452 1786 Non
465 1728 617 1802 homines,
635 1748 698 1789 nou
712 1730 755 1804 di,
771 1749 834 1790 non
850 1746 1028 1790 concessere
1042 1730 1214 1790 columnae.

418 1825 466 1885 Ut
480 1831 585 1900 gratas
600 1826 684 1885 inter
698 1844 823 1885 mensas
839 1827 1027 1905 symphonia
1041 1826 1160 1887 discors

377 1920 420 1980 Et
433 1939 573 1981 crassum
587 1928 782 1998 unguentum
798 1930 830 1982 et
845 1922 943 1983 Sardo
957 1941 1028 1982 cnm
1043 1923 1136 1983 melle
1151 1941 1288 2001 papaver

378 2016 560 2092 Offendunt,
577 2022 702 2095 poterat
717 2018 787 2078 duci
803 2020 878 2097 quia
892 2037 969 2079 cena
982 2021 1050 2080 sine
1065 2019 1152 2095 istis余

377 2113 428 2174 Sic
442 2114 557 2174 animis
573 2119 683 2174 natum
698 2113 924 2192 inventumque
939 2134 1049 2192 poema
1063 2116 1219 2191 iuvandis,

377 2210 410 2269 Si
426 2210 555 2288 paulum
571 2228 695 2271 summo
710 2210 854 2285 decessit,
870 2212 973 2288 vergit
987 2213 1027 2272 ad
1041 2213 1149 2272 imum.

375 2306 497 2366 Ludere
512 2306 567 2384 qui
583 2308 692 2380 nescit,
709 2307 937 2384 campestribus
953 2309 1091 2368 abstinet
1105 2310 1212 2383 armis,

376 2402 526 2464 Indoctus
542 2423 603 2480 que
618 2404 702 2481 pilae
716 2403 837 2464 discive
852 2404 993 2464 trochive
1009 2405 1152 2482 quiescit,

373 2499 424 2559 Ne
440 2498 559 2577 spissae
574 2500 671 2559 risum
688 2500 805 2560 tollant
820 2501 948 2578 impune
963 2519 1110 2560 coronae:

374 2593 434 2664 Qui
448 2596 549 2656 nescit
565 2615 675 2657 versus
690 2602 795 2656 tamen
811 2597 905 2657 audet
919 2597 1042 2673 fingere.
1087 2597 1231 2668 Quidni?

373 2692 514 2753 Liberat
528 2692 691 2769 ingenuus,
706 2694 893 2772 praesertim
908 2713 1019 2755 census
1033 2701 1210 2771 equestrem

373 2787 534 2849 Summam
548 2808 756 2865 nummorum,
772 2790 913 2867 vitioque
928 2799 1064 2851 remotus
1079 2792 1119 2851 ab
1133 2793 1227 2851 omni.

412 2886 461 2945 Tu
474 2885 555 2944 nihil
570 2886 674 2946 invita
688 2886 773 2947 dices
789 2887 926 2947 faciesve
941 2888 1093 2964 Minerva,

371 2981 410 3041 Id
424 2982 483 3042 tibi
497 2982 650 3042 iudicium
665 2989 723 3057 est,
740 3001 777 3043 ea
791 3002 895 3059 mens3
920 2984 947 3044 si
962 2984 1038 3061 qnid
1053 2991 1160 3044 tamen
1173 2985 1250 3046 olim

372 3077 549 3156 Scripseris,
565 3079 599 3138 in
613 3078 715 3139 Maeci
731 3080 901 3139 descendat
915 3080 1027 3141 iudicis
1042 3082 1127 3142 auris

370 3175 414 3235 Et
427 3176 525 3253 patris
540 3181 573 3235 et
587 3183 720 3250 nostras,
737 3195 917 3253 nonumque
931 3184 1091 3255 prematur
1106 3179 1139 3237 in
1153 3197 1280 3255 annum,

370 3271 562 3332 Membranis
578 3272 664 3332 intus
679 3273 808 3350 positis余
831 3274 935 3334 delere
950 3273 1065 3349 licebit,

369 3367 458 3438 Quod
472 3387 534 3428 non
549 3368 702 3443 edideris余
726 3369 827 3430 nescit
842 3389 904 3429 vox
918 3370 1015 3430 missa
1028 3370 1153 3430 reverti.

409 3463 571 3526 Silvestris
587 3466 731 3525 homines
747 3484 834 3526 sacer
848 3466 1065 3545 interpresque
1080 3468 1209 3528 deorum

369 3560 524 3622 andibus
538 3568 571 3621 et
587 3560 674 3621 victu
689 3562 783 3623 foedo
798 3564 952 3624 deterruit
967 3563 1120 3642 Orpheus,

368 3657 480 3718 Dictus
494 3659 534 3718 ob
547 3658 606 3719 hoc
621 3658 721 3719 lenire
737 3661 828 3737 tigris
844 3661 1032 3738 rabidosque
1048 3661 1163 3723 leones.

367 3754 478 3815 Dictus
493 3762 525 3816 et
539 3755 710 3834 Amphion,
727 3757 894 3818 Thebanae
910 3757 1052 3818 conditor
1065 3759 1163 3835 urbis,

367 3849 450 3912 Saxa
463 3870 588 3914 movere
604 3872 680 3914 sono
695 3854 866 3914 testudinis
881 3860 914 3915 et
928 3873 1018 3933 prece
1033 3854 1150 3915 blanda

366 3949 486 4009 Ducere
501 3968 563 4028 quo
578 3949 683 4010 vellet.
729 3951 805 4011 Fuit
820 3951 896 4012 haec
911 3952 1066 4031 sapientia
1081 3953 1248 4037 quondam,

326 4102 328 4107 .
365 4045 497 4106 Publica
511 4047 647 4124 privatis
662 4065 831 4123 secernere,
846 4067 935 4109 sacra
949 4049 1099 4127 profanis,

366 4141 541 4203 Concubitu
556 4144 722 4221 prohibere
738 4163 826 4220 vago,
841 4145 915 4205 dare
930 4145 998 4207 iura
1012 4146 1146 4223 maritis,

366 4238 492 4317 Oppida
506 4240 620 4315 moliri,
636 4240 721 4317 leges
736 4240 874 4303 incidere
889 4242 984 4319 ligno.
