3592 5067
325 898 407 964 vu]
772 895 884 946 crana
908 895 943 946 11.

323 1073 382 1145 Tu,
396 1068 477 1129 mihi
492 1067 547 1146 qui
562 1067 736 1146 imperitas,
752 1067 808 1128 alii
823 1067 924 1129 servis
938 1068 1032 1129 miser
1046 1075 1141 1147 atque

323 1167 457 1229 Duceris
471 1172 508 1226 ut
521 1166 629 1226 nervis
644 1165 757 1226 alienis
772 1165 888 1227 mobile
902 1165 1033 1242 lignum.
1108 1229 1112 1235 ,

363 1264 515 1335 Quisnam
530 1262 628 1340 igitur
642 1262 749 1323 liber?
787 1262 934 1341 Sapiens,
950 1262 1009 1323 sibi
1025 1264 1079 1341 qui
1094 1263 1291 1341 imperiosus,

323 1363 422 1434 Quem
437 1379 539 1438 neque
555 1360 720 1439 pauperies
735 1378 837 1438 neque
852 1378 935 1419 mors
949 1377 1050 1438 neque
1064 1360 1194 1421 vincula
1206 1366 1336 1437 terrent,

312 1460 522 1536 ‘Responsare
537 1456 747 1535 cupidinibus,
762 1462 963 1516 contemnere
976 1456 1108 1518 honores
1357 1470 1387 1518 co

323 1556 437 1630 Fortis,
453 1555 533 1615 etin
548 1574 582 1616 sc
597 1554 666 1634 ipso
680 1559 768 1614 totus
782 1559 866 1615 teres
880 1560 976 1631 atque
990 1556 1153 1630 rotundus,

322 1653 457 1714 Externi
471 1672 511 1714 ne
526 1651 603 1729 quid
618 1651 724 1711 valeat
738 1670 794 1729 per
809 1650 877 1711 leve
892 1652 1016 1726 morari,

323 1752 362 1811 In
377 1769 470 1828 quem
486 1767 597 1809 manca
610 1748 676 1808 ruit
690 1766 813 1826 semper
827 1748 964 1808 fortuna
1007 1750 1143 1811 Potesne

322 1848 371 1907 Ex
386 1847 437 1908 his
452 1853 489 1907 ut
503 1846 666 1925 proprium
681 1845 758 1923 qnid
774 1848 928 1906 noscere?
969 1846 1113 1925 Quinque
1128 1846 1249 1909 talenta

322 1944 429 2004 Poscit
444 1951 475 2003 te
491 1943 614 2018 mulier,
629 1949 726 2002 'vexat
739 1942 923 2020 foribusque
938 1943 1097 2021 repulsum
1355 1957 1386 2004 90

259 2042 262 2046 ’
322 2040 494 2101 Perfundit
507 2039 621 2115 gelida,
636 2058 745 2100 rursus
761 2047 860 2100 vocat.
902 2040 999 2117 Eripe
1013 2041 1098 2119 turpi

323 2137 412 2198 Colla
426 2136 509 2214 iugo,
525 2142 534 2172 ‘
543 2137 647 2211 Liber,
663 2135 744 2196 liber
758 2138 847 2210 surn,'
862 2136 913 2195 dic
928 2139 1001 2213 age!
1043 2138 1116 2197 Non
1131 2137 1217 2215 quis3

323 2235 425 2311 Urget
439 2234 524 2297 enirn
539 2234 685 2294 (lominus
700 2240 838 2293 mentern
853 2252 916 2293 non
930 2233 1010 2295 lenis
1025 2240 1057 2294 et
1071 2234 1152 2294 acris

322 2331 486 2392 Subiectat
500 2331 583 2392 lasso
597 2330 744 2392 stimulos
759 2339 927 2407 versatque
942 2338 1116 2407 negantem.

321 2428 379 2489 Vel
395 2446 466 2488 curn
481 2429 635 2489 Pausiaca
648 2433 764 2506 torpes,
780 2428 898 2500 insane,
913 2428 1039 2503 tabella,
1354 2442 1384 2489 9⁶

237 2541 239 2545 ⁴
321 2525 381 2596 Qui
396 2544 506 2603 peccas
522 2526 627 2585 minus
642 2531 738 2601 atque
752 2544 819 2601 ego,
834 2543 904 2585 curn
920 2524 1013 2583 Fulvi
1028 2525 1238 2603 Rutubaeque

321 2622 388 2681 Aut
402 2621 583 2681 Pacideiani
596 2628 746 2681 contento
760 2621 882 2700 poplite
896 2621 992 2681 miror

320 2717 447 2778 Proelia
460 2718 585 2778 rubrica
598 2718 685 2795 picta
698 2726 754 2778 aut
768 2718 910 2791 carbone,
927 2718 1014 2777 velut
1028 2720 1055 2779 si

321 2814 368 2875 Re
383 2833 458 2873 vcra
471 2820 621 2892 pugnent,
637 2814 755 2874 feriant
769 2815 1108 2891 vitentquemoventes

321 2911 420 2971 Arma
434 2910 521 2970 viri?
562 2912 708 2988 Nequam
724 2917 756 2970 et
770 2919 907 2971 cessator
922 2912 1046 2987 Davus;
1068 2920 1102 2972 at
1116 2912 1184 2989 ipse
1340 2928 1382 2974 100

321 3007 455 3068 Subtilis
469 3013 611 3067 veterum
626 3007 721 3068 iudex
737 3013 769 3067 et
783 3007 916 3067 callidus
931 3008 1030 3068 audis.

359 3104 416 3166 Nil
432 3123 498 3181 ege,
514 3104 541 3164 si
556 3104 654 3164 ducor
667 3103 733 3164 libo
747 3104 906 3164 fumante:
930 3104 988 3163 tibi
1004 3105 1116 3182 ingens

297 3225 304 3244 ³
318 3202 430 3263 Virtus
444 3207 540 3279 atque
554 3203 679 3261 animus
693 3202 779 3279 cenis
794 3208 959 3279 responset
973 3203 1113 3279 opimis?

319 3298 512 3376 Obsequium
528 3298 648 3358 ventris
663 3297 743 3356 mihi
758 3298 965 3376 perniciosius
980 3305 1029 3359 est
1042 3318 1097 3359 cur
1107 3300 1136 3358 ?³

318 3397 420 3472 'Pergo
435 3394 553 3472 plector
568 3395 660 3454 enim.
703 3394 764 3465 Qui
779 3403 815 3454 tu
829 3395 1015 3471 impunitior
1029 3395 1093 3470 illa,

318 3492 403 3563 Quae
417 3510 515 3569 parvo
529 3492 612 3551 sumi
626 3497 797 3567 nequeunt,
812 3490 942 3551 obsonia
956 3495 1091 3570 captas?

317 3589 441 3666 Nempe
455 3588 689 3649 inamarescunt
703 3588 813 3666 epulae
828 3588 895 3649 sine
911 3587 972 3647 fine
987 3589 1113 3666 petitae,

318 3684 483 3763 Inlusique
498 3685 593 3763 pedes
608 3684 757 3745 vitiosum
772 3685 856 3745 ferre
870 3692 1016 3746 recusant

317 3782 446 3860 Corpus.
490 3783 542 3841 An
556 3782 609 3842 hic
623 3788 740 3859 peccat,
756 3783 814 3843 sub
829 3788 953 3842 noctem
968 3783 1022 3861 qui
1037 3803 1114 3862 puer
1127 3803 1222 3845 uvam

317 3880 449 3940 Furtiva
462 3885 565 3939 mutat
579 3878 713 3955 strigili,
736 3879 790 3956 qui
805 3876 935 3958 praedia
948 3880 1065 3957 vendit,
1335 3896 1379 3943 110

315 3977 372 4037 Nil
387 3976 502 4037 servile
516 3976 609 4054 gulae
623 3995 738 4054 parens
752 3977 873 4037 habet?
916 3977 1017 4053 Adde,
1032 3978 1116 4056 quod
1129 3977 1216 4040 idern

315 4076 389 4135 Non
404 4073 513 4134 horam
528 4080 631 4134 tecum
647 4091 716 4133 esse
730 4081 828 4151 potes,
843 4093 906 4132 non
921 4074 986 4135 otia
999 4081 1082 4136 recte

316 4172 445 4245 Ponere,
461 4178 554 4249 teque
569 4172 672 4249 ipsum
690 4171 772 4232 vitas
787 4171 944 4249 fugitivus
959 4179 991 4232 et
1005 4191 1082 4249 erro,

317 4268 384 4330 Iam
400 4267 474 4328 vino
488 4286 650 4346 quaerens,
666 4267 728 4327 iam
743 4286 852 4329 somno
867 4268 978 4329 fallere
993 4289 1117 4346 curarn3
