3592 5067
374 934 428 1003 η]
658 867 662 873 ⁴
814 932 927 983 nnana
950 933 986 984 11.
1372 928 1436 996 143

374 1107 426 1170 Sio
440 1105 516 1185 quia
529 1110 700 1184 perpetuus
715 1103 795 1164 nulli
810 1105 905 1165 datur
918 1124 1004 1181 usus,
1020 1112 1052 1166 et
1067 1105 1157 1169 heres
1392 1127 1435 1174 rto

373 1203 533 1265 Heredem
547 1202 679 1263 alterius
696 1202 783 1262 velut
797 1202 881 1262 unda
895 1204 1081 1281 supervenit
1096 1205 1224 1281 undam,
1281 1277 1284 1282 r

372 1301 457 1374 Quid
471 1300 533 1359 viri
548 1305 681 1378 prosunt
695 1306 751 1359 aut
765 1299 902 1359 horrea?
944 1301 1066 1372 Quidve
1082 1301 1226 1364 Calabris

373 1399 514 1460 Saltibus
529 1396 644 1457 adiecti
659 1396 789 1471 Lucani,
805 1396 832 1457 si
848 1397 941 1457 metit
957 1397 1063 1468 Orous·

372 1495 515 1558 Grandia
528 1513 598 1555 oum
613 1494 730 1572 parvis,
746 1512 808 1553 non
822 1494 993 1555 exorabilis
1008 1497 1111 1556 auro?

413 1594 571 1665 Gemmas,
586 1610 731 1666 marmor,
747 1591 1016 1671 ebur,·Tyrrhena
1033 1592 1149 1669 sigilla,
1165 1593 1308 1672 tabellas,

371 1691 558 1768 Argentum,
573 1696 677 1750 vestes
693 1688 828 1750 Gaetulo
843 1689 961 1749 murice
976 1691 1092 1751 tinctas

371 1787 453 1848 Sunt
468 1787 599 1864 quinon
614 1786 759 1860 habeant,
775 1792 824 1846 est
838 1787 893 1863 qui
908 1805 972 1846 non
986 1793 1076 1847 curat
1091 1786 1214 1848 habere.

370 1885 435 1946 Cur
449 1883 529 1943 aiter
543 1883 679 1942 fratrum
694 1901 814 1944 cessare
829 1890 861 1943 et
876 1883 984 1943 ludere
998 1891 1030 1944 et
1045 1885 1144 1960 ungui

370 1980 535 2041 Praeferat
550 1979 687 2041 Herodis
704 1979 849 2057 palmetis
865 1980 1046 2058 pinguibus,
1062 1981 1143 2041 alter
1191 2016 1194 2021 ·

370 2078 468 2138 Dives
483 2082 516 2137 et
530 2077 730 2155 importunus
745 2077 786 2135 nd
801 2077 941 2137 umbram
958 2077 1037 2137 lueis
1052 2078 1092 2138 ab
1107 2086 1179 2139 ortu

370 2174 555 2236 Silvestrem
570 2173 705 2235 flammis
720 2180 753 2234 et
767 2174 852 2233 ferro
867 2173 992 2250 mitiget
1007 2193 1127 2251 agrum,

370 2271 437 2333 Scit
452 2271 580 2346 Genius,
596 2271 702 2331 natale
716 2289 819 2331 eomes
834 2271 888 2349 qui
904 2259 1059 2349 temperat
1073 2278 1204 2348 astrum,

367 2368 510 2429 Naturae
525 2368 602 2429 deus
617 2368 781 2442 humanae,
798 2368 940 2428 mortalis
956 2368 990 2427 in
1004 2388 1103 2428 unum

368 2465 520 2543 Quodque
534 2471 638 2543 eaput,
655 2466 743 2525 voltu
758 2466 931 2539 mutabilis,
948 2465 1038 2526 albus
1054 2473 1086 2525 et
1101 2472 1178 2527 ater.

369 2564 452 2625 Utar
466 2569 499 2622 et
512 2581 551 2621 ex
566 2562 689 2623 modico
702 2570 855 2640 quantum
872 2581 920 2623 res
936 2569 1043 2640 poscet
1057 2581 1170 2624 aoervo

367 2659 491 2719 Tollam
506 2677 563 2718 neo
577 2667 723 2732 metuam,
739 2660 816 2736 quid
831 2660 869 2719 de
885 2677 934 2717 me
949 2659 1068 2719 iudicet
1083 2659 1183 2734 heres,

367 2754 456 2825 Quod
471 2773 533 2814 non
548 2753 640 2832 plura
654 2755 736 2814 datis
751 2755 927 2832 invenerit3
951 2762 983 2815 et
997 2761 1103 2815 tamen
1119 2756 1203 2816 idem

367 2850 454 2911 Scire
469 2850 582 2925 volam,
597 2857 750 2928 quantum
766 2851 902 2929 simplex
917 2851 1090 2928 hilarisque
1105 2853 1212 2931 nepoti

366 2947 533 3025 Discrepet
547 2954 580 3007 et
593 2955 746 3025 quantum
761 2947 921 3008 discordet
936 2965 1048 3025 pareus
1063 2966 1165 3007 avaro.

367 3044 475 3104 Distat
489 3043 582 3117 enim,
599 3061 729 3121 spargas
744 3049 800 3103 tua
814 3043 974 3121 prodigus,
989 3062 1029 3103 an
1045 3062 1146 3122 neque
1161 3052 1322 3125 sumptum

367 3141 495 3201 Invitus
508 3139 607 3200 facias
625 3158 726 3218 nsque
741 3139 833 3218 plura
847 3158 957 3218 parare
972 3140 1105 3214 labores,

367 3239 414 3298 Ac
428 3237 544 3316 potius,
559 3255 637 3315 puer
651 3244 687 3297 ut
701 3237 794 3297 festis
809 3236 1059 3315 Quinquatribus
1075 3238 1161 3314 olim,

366 3334 491 3411 Exiguo
505 3339 656 3412 gratoque
670 3333 788 3393 fruaris
802 3340 943 3411 tempore
958 3334 1083 3411 raptim.

365 3431 537 3510 Pauperies
552 3431 715 3490 immunda
729 3437 833 3490 tamen
849 3430 959 3508 procul
974 3430 1074 3506 absit3
1097 3449 1155 3507 ego
1168 3437 1275 3493 utrum

364 3529 456 3589 Nave
471 3529 540 3587 fera
553 3546 667 3603 magna
680 3546 718 3587 au
735 3547 840 3606 parra,
857 3528 941 3587 ferar
955 3546 1037 3588 unus
1052 3534 1084 3588 et
1099 3528 1191 3588 idem.

365 3626 438 3686 Non
453 3625 577 3702 agimur
590 3625 721 3686 tumidis
736 3624 815 3684 velis
831 3624 989 3702 Aquilone
1004 3624 1157 3685 seeundo:

364 3723 438 3783 Nou
452 3728 559 3782 tamen
578 3722 720 3783 adversis
734 3728 868 3782 aetatem
884 3721 1030 3781 ducimus
1046 3722 1183 3798 Austris,

365 3819 503 3893 Viribus,
519 3818 654 3896 iugenio,
669 3820 781 3897 specie,
798 3819 926 3893 virtute,
942 3817 1019 3893 loco,
1035 3836 1068 3877 ra

365 3916 508 3976 Extremi
523 3917 703 3995 primorum,
719 3916 867 3977 extremis
883 3933 982 3993 usque
998 3915 1127 3993 priores.

403 4014 478 4074 Non
492 4031 525 4073 es
540 4032 669 4074 avarus:
692 4013 751 4074 abi.
794 4012 905 4083 Quid?
946 4012 1059 4073 Cetera
1073 4012 1136 4072 iam
1150 4013 1245 4073 simul
1261 4014 1323 4075 isto
1380 4028 1424 4074 ωδ

364 4110 442 4171 Cum
459 4110 539 4169 vitio
552 4110 688 4186 fugere?
729 4110 822 4171 Caret
836 4110 896 4170 tibi
912 4116 1021 4187 pectus
1037 4109 1125 4169 inani

365 4207 575 4267 Ambitione?
617 4207 710 4268 Caret
725 4207 834 4267 mortis
849 4206 1019 4266 formidine
1033 4212 1066 4265 et
1080 4206 1154 4266 ira?

364 4304 501 4392 Somnia,
517 4310 650 4364 terrores
664 4304 809 4380 magicos,
825 4302 986 4379 miracula,
1001 4321 1102 4381 sagas,
