3592 5067
380 960 447 1030 vt]
830 957 943 1010 mssa
966 957 988 1009 a

380 1134 424 1211 Si,
439 1131 592 1213 quicquid
607 1130 688 1191 vidit
702 1130 816 1192 melius
830 1130 960 1211 peiusve
976 1148 1034 1192 sua
1047 1150 1113 1209 spe,

379 1231 501 1293 Defixis
515 1228 615 1291 oculis
629 1230 796 1308 animoque
811 1236 843 1289 et
858 1247 987 1309 corpore
1001 1229 1132 1308 torpet?

379 1329 488 1390 Insani
504 1328 632 1406 sapiens
646 1345 760 1387 nomen
776 1326 868 1402 ferat,
884 1345 1003 1405 aequus
1015 1327 1126 1405 iniqui,

380 1425 475 1489 Ultra
489 1443 582 1503 quam
598 1424 675 1485 satis
690 1430 739 1485 est
754 1425 904 1484 virtutem
919 1424 946 1485 si
961 1430 1049 1503 petat
1060 1424 1170 1502 ipsam.

418 1523 436 1583 1
451 1540 543 1597 nunc,
559 1527 723 1599 argentum
738 1527 771 1582 et
785 1539 922 1582 marmor
937 1529 1027 1582 vetus
1041 1540 1175 1600 aeraque
1189 1528 1222 1583 et
1237 1521 1316 1584 artis

378 1620 518 1699 Suspice,
534 1637 605 1678 cum
620 1618 751 1695 gemmis
767 1618 881 1697 Tyrios
896 1618 1011 1679 mirare
1024 1618 1160 1694 colores3

378 1717 488 1780 Gaude
503 1717 586 1795 quod
602 1722 748 1795 spectant
762 1715 844 1776 oculi
858 1723 891 1776 te
906 1715 993 1776 mille
1009 1714 1204 1794 loquentem,

376 1815 408 1875 N
410 1833 487 1874 avus
502 1830 593 1872 mane
608 1813 713 1872 lorum
727 1820 761 1873 et
775 1813 975 1891 vespertinus
990 1820 1061 1892 pete
1075 1820 1204 1889 tectum,
1406 1825 1437 1872 ao

376 1912 408 1972 N
410 1929 427 1971 e
441 1908 513 1989 plus
528 1910 681 1969 frumenti
696 1909 856 1970 dotalibus
871 1916 989 1970 emetat
1002 1909 1086 1987 agris

377 2009 488 2067 Mutus
502 2006 768 2083 et-indignum,
785 2006 869 2084 quod
884 2006 928 2067 sit
941 2007 1102 2086 peioribus
1116 2014 1252 2069 ortus-

377 2104 441 2165 Hic
452 2103 511 2163 tibi
526 2103 569 2163 sit
583 2103 689 2181 potius
705 2122 798 2182 quam
815 2110 851 2164 tu
865 2104 1022 2165 mirabilis
1036 2103 1094 2164 illi.

376 2200 533 2278 Quicquid
547 2200 606 2261 sub
620 2207 704 2261 terra
718 2207 777 2276 est,
792 2200 826 2259 in
840 2200 981 2280 apricum
997 2202 1135 2280 proferet
1149 2208 1252 2279 aetas3

376 2300 527 2360 Delodict
539 2301 714 2378 condetque
730 2299 875 2359 nitentia
919 2298 998 2361 Cum
1013 2299 1091 2360 bene
1105 2305 1214 2359 notum
1406 2311 1436 2359 at

375 2398 521 2458 Porticus
536 2397 696 2476 Agrippae
710 2403 744 2456 et
758 2396 810 2456 via
824 2402 856 2456 te
871 2396 1070 2474 conspexerit
1083 2396 1177 2474 Appi,

333 2494 336 2498 ’
376 2494 428 2554 Ire
443 2500 549 2555 tamen
564 2500 664 2555 restat
678 2494 786 2553 Numa
799 2511 862 2570 quo
877 2492 1005 2553 devenit
1020 2499 1052 2553 et
1065 2493 1180 2555 Ancus.

417 2593 450 2653 Si
465 2593 549 2653 latus
564 2599 618 2653 aut
632 2610 722 2652 renes
737 2590 845 2651 morbo
859 2596 1055 2667 temptantur
1069 2597 1169 2664 acuto,

374 2689 495 2760 Quaere
509 2689 618 2764 fugam
633 2687 741 2747 morbi.
785 2687 843 2747 Vis
858 2693 942 2746 recte
958 2686 1062 2745 vivere
1071 2708 1079 2760 ;
1089 2686 1208 2764 —quis
1222 2705 1285 2748 non
1296 2689 1362 2748 ἳ-

375 2785 408 2846 si
424 2784 599 2861 virtushoc
613 2802 676 2844 una
690 2789 795 2861 potest
809 2783 893 2857 dare,
909 2781 1002 2843 fortis
1017 2782 1141 2843 omissis
1402 2794 1433 2842 ³0

374 2881 446 2942 Hoc
458 2898 515 2958 age
530 2879 661 2940 deliciis.

715 2975 873 3037 Virtutem
889 2975 984 3036 verba
995 2982 1086 3053 putas
1101 2983 1134 3037 et

372 3077 492 3136 Lucum
508 3075 609 3151 ligna3
632 3090 707 3133 cave
722 3090 762 3132 ne
776 3078 887 3150 portus
902 3079 1032 3150 occupet
1045 3072 1134 3148 alter,

371 3173 422 3234 Ne
436 3171 625 3251 Cibyratica,
641 3187 680 3229 ne
696 3168 836 3248 Bithyna
851 3170 978 3244 negotia
993 3170 1122 3248 perdas;

371 3269 463 3330 Mille
478 3267 599 3329 talenta
613 3265 828 3339 retundantur,
845 3266 978 3326 totidem
994 3265 1101 3340 altera,
1116 3274 1255 3345 porroet

370 3367 479 3427 Tertia
492 3365 670 3438 succedant,
685 3370 717 3424 et
732 3382 811 3441 quae
826 3382 900 3441 pars
914 3364 1049 3440 quadret
1062 3382 1215 3423 acervum.
1399 3378 1429 3425 35

370 3462 499 3524 Scilicet
512 3480 641 3523 uxorem
655 3480 726 3522 oum
741 3463 814 3522 dote
830 3459 987 3537 fidemque
1003 3466 1036 3520 et
1051 3463 1168 3521 amicos

370 3560 412 3620 Et
426 3578 524 3637 genus
538 3565 571 3619 et
584 3559 717 3619 sormam
734 3559 842 3636 regina
855 3557 996 3617 Pecunia
1008 3557 1114 3632 donat,

369 3659 417 3718 Ac
431 3660 509 3719 bene
523 3665 719 3743 nummatum
735 3658 861 3717 decorat
877 3653 1013 3716 Suadela
1027 3656 1202 3734 Venusque.

369 3755 548 3839 Mancupiis
563 3754 704 3833 locuples
718 3760 789 3830 eget
802 3754 884 3814 aeris
900 3751 1119 3830 Cappadocum
1134 3772 1205 3828 rex;

366 3851 417 3912 Ne
431 3852 531 3912 fueris
546 3851 597 3911 hic
611 3858 656 3924 tu.
698 3850 889 3929 Chiamydes
906 3848 1065 3922 Lucullus,
1081 3856 1116 3907 ut
1130 3850 1229 3925 aiunt,
1395 3867 1426 3911 40

368 3947 401 4008 si
416 3955 523 4026 posset
536 3956 661 4009 centum
676 3965 805 4008 scaenae
820 3945 968 4025 praebere
983 3952 1119 4021 rogatus,

367 4045 445 4116 ‘Qui
461 4063 587 4123 possum
602 4051 650 4105 tot
660 4046 693 4105 ?’
708 4045 772 4119 ait;
795 4049 803 4080 ‘
811 4051 918 4104 tamen
932 4049 965 4103 ct
979 4061 1136 4120 quaeram,
1151 4050 1184 4104 et
1198 4051 1275 4122 quot
1289 4045 1410 4109 habebo

367 4142 515 4202 Mittam?
556 4143 635 4203 Post
648 4142 743 4221 paulo
757 4141 875 4215 scribit,
891 4140 953 4200 sibi
968 4140 1057 4201 milia
1071 4143 1212 4219 quinque

365 4238 444 4300 Esse
458 4240 543 4300 domi
558 4239 778 4319 chlamydum;
801 4244 923 4318 partem
939 4235 989 4297 vel
1004 4237 1129 4298 tolleret
1142 4241 1253 4300 omnis.

365 4336 468 4397 Exilis
482 4336 592 4400 domus
607 4343 665 4414 est,
680 4336 734 4397 ubi
749 4355 812 4399 non
826 4341 859 4396 et
872 4334 974 4395 multa
987 4342 1155 4416 supersunt
1391 4354 1421 4399 ab
