3592 5067
376 839 418 901 44
801 851 1008 905 SERMONUM

376 1024 513 1102 Pugnis3
536 1032 614 1103 quot
627 1026 768 1106 capitum
783 1027 906 1103 vivunt,
921 1024 1055 1085 totidem
1070 1023 1245 1086 studiorum

376 1121 476 1183 Milia
1172 1154 1175 1160 ·

523 1224 576 1283 Me
590 1222 725 1302 pedibus
739 1222 878 1283 delectat
892 1220 1038 1282 claudere
1053 1219 1149 1281 verba

374 1319 478 1381 Lucili
493 1304 566 1395 iitu,
582 1328 725 1381 nostrum
742 1319 881 1380 melioris
898 1326 1039 1395 utroque.

373 1418 434 1478 Ille
449 1418 537 1479 velut
552 1417 626 1480 fidis
641 1436 756 1479 arcana
770 1417 931 1478 sodalibus
946 1415 1023 1475 olim

373 1516 527 1578 Credebat
542 1516 641 1591 libris,
658 1534 760 1595 neque
775 1515 900 1575 simale
915 1520 1052 1575 cesserat
1066 1531 1198 1590 usquam

372 1614 548 1673 Decurrens
563 1614 635 1689 alio,
652 1632 753 1692 neque
769 1614 796 1673 si
812 1612 907 1687 bene;
929 1630 992 1690 quo
1006 1609 1053 1686 fit,
1069 1616 1105 1670 ut
1119 1609 1220 1671 omnis

372 1711 489 1771 Votiva
502 1718 610 1789 pateat
626 1711 726 1771 veluti
741 1709 901 1787 descripta
915 1708 1032 1769 tabella

372 1807 446 1867 Vita
461 1810 553 1869 senis.
598 1808 718 1885 Sequor
733 1808 827 1881 huuc,
844 1808 991 1867 Lucanus
1006 1826 1046 1865 an
1061 1805 1197 1883 Apulus,
1212 1823 1344 1883 anceps;

371 1905 453 1963 Nam
470 1904 650 1965 Venusinus
665 1910 735 1965 arat
748 1903 844 1964 finem
860 1904 919 1963 sub
933 1910 1102 1980 utrumque
1117 1902 1254 1978 colonus,
1401 1914 1431 1961 ³5

371 2001 489 2060 Missus
504 2000 544 2059 ad
559 2000 617 2060 hoc
631 2000 742 2078 pulsis,
758 2008 850 2060 vetus
865 2008 914 2061 est
928 2007 964 2059 ut
978 2001 1073 2074 fama,
1089 1998 1232 2073 Sabellis,

370 2097 437 2166 Quo
452 2113 491 2154 ne
506 2113 561 2173 per
576 2115 708 2157 vacuum
724 2098 868 2157 Romano
883 2098 1056 2156 incurreret
1070 2097 1181 2171 hostis,

371 2192 443 2252 Sive
459 2192 543 2268 quod
559 2192 665 2271 Apula
678 2212 754 2270 gens
770 2211 825 2253 seu
840 2193 924 2269 quod
941 2193 1080 2253 Lucania
1094 2191 1211 2252 bellum
1229 2173 1238 2191 ’

371 2288 531 2348 lncuteret
547 2288 693 2348 violenta.

739 2384 800 2445 Sed
815 2385 867 2444 hio
882 2385 975 2445 stilus
991 2385 1075 2444 haud
1090 2391 1177 2462 petet
1191 2384 1275 2445 ultro

368 2479 562 2556 Quemquam
577 2479 780 2555 animantem,
796 2487 828 2540 et
843 2500 892 2541 me
908 2479 1006 2541 veluti
1021 2481 1179 2541 custodiet
1192 2481 1278 2541 ensis
1398 2495 1429 2541 ⁴0

368 2577 492 2653 Vagina
506 2584 626 2651 tectus;
649 2595 743 2654 quem
759 2594 814 2636 cur
828 2577 1024 2654 destringere
1038 2595 1131 2636 coner

368 2673 468 2733 Tutus
483 2673 523 2733 ab
537 2672 666 2733 infestis
682 2673 883 2734 latronibus?
926 2673 953 2734 Ο
968 2680 1104 2751 pateret
1118 2692 1174 2734 rex

368 2769 523 2847 Iuppiter,
540 2778 575 2827 ut
590 2776 698 2846 pereat
712 2770 851 2846 positum
867 2770 1009 2845 robigine
1024 2770 1133 2845 telum,

367 2866 398 2924 N
401 2884 435 2926 ec
451 2867 616 2942 quisquam
633 2873 743 2925 noceat
757 2866 873 2943 cupido
888 2865 967 2925 mihi
982 2867 1086 2944 pacis!
1128 2868 1174 2928 At
1188 2868 1251 2944 ille,

367 2961 427 3031 Qui
443 2981 491 3020 me
505 2962 839 3023 commorit-melius
855 2982 918 3022 non
934 2968 1077 3040 tangere!
1098 2963 1248 3025 clamo—
1395 2979 1426 3023 45

369 3058 472 3119 Flebit
487 3066 519 3118 et
533 3058 668 3134 insignis
684 3065 752 3117 tota
765 3059 944 3118 cantabitur
959 3060 1042 3120 urbe.

368 3155 499 3216 Cervius
515 3157 615 3214 iratus
630 3154 715 3230 leges
730 3156 897 3214 minitatur
912 3166 944 3214 et
959 3176 1080 3232 urnam,

367 3251 499 3311 Canidia
513 3250 628 3311 Albuci
643 3251 759 3328 quibus
773 3259 823 3312 est
837 3253 968 3314 inimica
983 3273 1146 3329 venenum,

367 3349 494 3409 Grande
510 3348 627 3407 malum
643 3348 768 3422 TuriuS,
780 3348 808 3407 si
823 3350 899 3425 quid
915 3369 948 3409 se
963 3351 1065 3410 iudice
1079 3359 1188 3413 certes.

368 3446 413 3507 Ut
427 3463 489 3522 quo
503 3444 638 3522 quisque
652 3444 739 3504 valet
754 3453 916 3522 suspectos
932 3454 1057 3521 terreat,
1072 3455 1170 3524 utque
1394 3462 1425 3508 to

368 3541 506 3620 Imperet
521 3541 579 3600 hoc
594 3547 707 3601 natura
722 3548 841 3618 potens,
857 3542 903 3600 sic
917 3540 1030 3616 collige
1045 3560 1174 3603 mecum.

366 3639 468 3698 Dente
483 3638 586 3716 lupus,
602 3655 698 3699 cornu
714 3645 823 3697 taurus
838 3639 937 3716 petit3
959 3639 1051 3715 unde,
1067 3639 1130 3700 nisi
1144 3641 1230 3702 intus

368 3736 606 3795 Monstratum?
649 3735 784 3796 Scaevae
799 3736 940 3795 vivacem
954 3736 1045 3796 erede
1060 3738 1168 3814 nepoti

367 3833 518 3909 Matrem;
540 3832 586 3891 nil
603 3833 700 3892 faciet
714 3832 840 3893 sceleris
856 3832 909 3911 pia
923 3833 1234 3909 dextera-mirum,

368 3930 414 3990 Ut
428 3948 529 4007 neque
540 3929 624 3988 calce
640 3928 732 4007 lupus
745 3948 933 4007 quemquam
946 3949 1047 4009 neque
1059 3932 1152 3992 dente
1167 3932 1248 4011 petit
1262 3934 1331 4010 bos;
1340 3968 1381 3980 -
1393 3947 1423 3993 oo

366 4025 428 4086 Sed
443 4027 526 4087 mala
540 4026 632 4086 tollet
646 4045 739 4085 anum
755 4028 869 4088 vitiato
884 4028 976 4089 melle
990 4030 1101 4089 cicuta

406 4124 455 4183 Ne
471 4123 598 4199 longum
616 4122 739 4197 faciam,
755 4142 810 4184 seu
824 4144 873 4185 me
887 4125 1061 4203 tranquilla
1076 4134 1219 4188 senectus

366 4220 538 4299 Exspectat
553 4239 608 4280 seu
623 4239 706 4281 mors
721 4222 799 4281 atris
814 4222 1019 4283 circumvolat
1032 4224 1102 4299 alis,
