3592 5067
83 174 1182 489 m

383 936 451 1005 nn]
834 937 948 989 mnan
971 936 1007 988 u

422 1106 560 1168 Difficile
575 1113 625 1169 est
638 1108 766 1188 proprie
781 1110 962 1170 communia
974 1109 1095 1185 dicere;
1117 1114 1216 1188 tuque

382 1206 513 1267 Rectius
529 1205 662 1267 Iliacum
679 1223 804 1266 carmen
820 1206 950 1272 deducis
965 1207 998 1266 in
1013 1213 1111 1281 actus,

381 1302 481 1374 Quam
497 1302 524 1364 si
540 1302 698 1381 proferres
713 1303 824 1378 ignota
838 1303 1020 1383 indictaque
1036 1303 1164 1382 primus.

381 1399 514 1460 Publica
528 1400 677 1460 materies
693 1401 810 1479 privati
826 1401 905 1462 iuris
921 1400 990 1476 erit,
1006 1401 1033 1461 si

380 1497 453 1557 Non
469 1497 552 1562 circa
562 1496 659 1557 vilem
674 1497 882 1576 patulumque
898 1498 1068 1559 moraberis
1084 1497 1200 1573 orbem,

379 1594 448 1656 Nec
463 1595 592 1654 verbum
609 1596 704 1655 verbo
719 1596 844 1655 curabis
859 1595 989 1655 reddere
1003 1594 1085 1656 fidus

380 1690 550 1771 interpres,
565 1710 623 1752 nec
637 1692 767 1752 desilies
782 1694 922 1752 imitator
937 1692 970 1751 in
984 1699 1097 1768 artum,

379 1789 473 1851 Unde
488 1789 600 1867 pedem
616 1789 759 1867 proferre
774 1790 874 1867 pudor
889 1797 975 1850 vetet
988 1797 1044 1849 aut
1058 1789 1163 1868 operis
1177 1789 1237 1850 lex„
1397 1803 1441 1852 ret

417 1885 486 1945 Nee
500 1886 546 1946 sic
561 1885 703 1963 incipies,
719 1894 756 1946 ut
771 1887 906 1964 scriptor
920 1886 1057 1965 cyclicus
1072 1886 1164 1946 olim:

378 1984 567 2043 ‘Fortunam
583 1984 703 2043 Priami
719 1985 853 2044 cantabo
867 1991 900 2044 et
915 1984 1019 2044 nobile
1035 1985 1172 2045 bellum'

376 2078 460 2150 Quid
475 2080 606 2158 dignum
621 2087 714 2141 tanto
728 2080 811 2141 feret
825 2082 876 2141 hic
891 2082 1064 2159 promissor
1078 2081 1196 2141 hiatu?

376 2176 559 2238 Parturient
574 2187 707 2253 montes,
724 2186 870 2239 nascetur
885 2177 1037 2239 ridiculus
1051 2197 1129 2238 mus.

365 2273 499 2345 'Quanto
513 2276 629 2336 rectius
644 2275 707 2349 hic,
724 2275 779 2352 qui
795 2275 840 2335 nil
856 2275 986 2336 molitur
999 2276 1121 2353 inepte:

376 2372 451 2432 ‘Dic
466 2372 554 2448 mihi,
570 2373 673 2447 Musa,
690 2373 802 2446 virum,
818 2379 928 2451 captae
942 2379 1014 2451 post
1028 2380 1170 2450 tempora
1183 2373 1297 2435 Troiae

374 2466 433 2538 Qui
448 2487 549 2530 mores
563 2469 728 2530 hominum
744 2470 915 2529 multorum
931 2470 1013 2530 vidit
1026 2477 1058 2529 et
1072 2471 1185 2530 urbes!
1262 2482 1303 2512 ···

373 2564 447 2624 Non
462 2565 584 2625 fumum
599 2585 638 2625 ex
654 2566 788 2644 fulgore,
805 2567 861 2626 sed
875 2583 915 2625 ex
930 2566 1017 2626 fumo
1032 2566 1106 2626 dare
1122 2566 1224 2627 lucem

373 2660 508 2738 Cogitat,
524 2669 561 2721 ut
574 2663 719 2740 speciosa
733 2663 847 2723 dehinc
862 2662 1014 2722 miracula
1026 2670 1160 2740 promat,

371 2757 571 2835 Antiphaten
587 2758 791 2837 Scyllamque
806 2765 922 2819 etcum
938 2758 1074 2835 Cyclope
1089 2758 1300 2838 Charybdim,

371 2854 439 2913 Nec
454 2854 591 2913 reditum
606 2854 771 2915 Diomedis
786 2855 826 2914 ab
841 2855 973 2915 interitu
988 2855 1150 2932 Meleagri,

370 2950 438 3011 Nec
453 2951 577 3026 gemino
592 2951 711 3011 bellum
727 2951 897 3011 Troianum
913 2951 1033 3010 orditur
1048 2952 1088 3010 ab
1102 2970 1178 3027 ovo;

326 3084 328 3088 ν
371 3046 501 3125 Semper
514 3047 554 3107 ad
569 3054 718 3107 eventum
734 3047 868 3107 festinat
883 3054 915 3106 et
930 3048 962 3105 in
979 3047 1096 3108 medias
1112 3066 1161 3108 res

369 3144 443 3204 Nou
459 3162 548 3205 secus
563 3163 599 3204 ac
615 3152 705 3205 notas
722 3144 899 3204 auditorem
914 3145 1006 3221 rapit,
1022 3150 1053 3203 et
1068 3162 1147 3221 quae

369 3240 525 3320 Desperat
539 3248 676 3302 tractata
689 3242 844 3301 nitescere
858 3258 959 3319 posse,
975 3240 1134 3317 relinquit,

369 3338 476 3416 Atque
490 3339 537 3399 ita
551 3339 713 3413 mentitur,
729 3338 776 3399 sic
791 3338 875 3398 veris
891 3336 974 3398 falsa
988 3337 1140 3411 remiscet,

368 3434 477 3495 Primo
491 3454 530 3496 ne
545 3437 692 3509 medium,
709 3435 813 3495 medio
829 3453 867 3494 nc
882 3434 1039 3511 discrepet
1053 3435 1160 3493 imum.

408 3533 456 3593 Tu
472 3533 549 3611 quid
563 3552 621 3610 ego
635 3542 668 3594 et
683 3532 818 3611 populus
834 3550 953 3592 mecum
969 3531 1126 3592 desideret
1139 3532 1222 3593 audi.

369 3628 402 3689 Si
417 3630 553 3714 plosoris
567 3649 640 3708 eges
654 3632 765 3691 aulaea
779 3633 936 3691 manentis
951 3640 983 3688 et
996 3647 1096 3706 usque

368 3724 500 3802 Sessuri,
516 3727 614 3788 donec
629 3734 738 3788 cantor
753 3733 826 3788 ‘vos
841 3726 1000 3805 plaudite'
1015 3725 1117 3800 dicat3

366 3822 491 3884 Aetatis
507 3825 657 3902 cuiusque
671 3824 802 3884 notandi
818 3831 892 3885 sunt
907 3824 965 3883 tibi
981 3841 1090 3897 mores,

367 3920 600 3999 Mobilibusque
616 3922 717 3996 decor,
733 3921 855 3981 naturis
870 3921 992 3981 dandus
1007 3926 1039 3979 et
1052 3920 1152 3981 annis.

366 4016 510 4078 Reddere
524 4018 579 4096 qui
594 4037 686 4079 voces
702 4018 763 4077 iam
779 4018 840 4078 scit
854 4036 930 4096 puer
945 4025 977 4077 et
990 4016 1068 4094 pede
1082 4024 1169 4077 certo

367 4112 478 4189 Signat
491 4115 631 4190 humum,
647 4116 744 4192 gestit
758 4114 886 4192 paribus
901 4114 1066 4174 conludere
1081 4121 1114 4175 et
1128 4115 1207 4176 iram

365 4210 496 4287 Colligit
509 4231 545 4272 ac
559 4214 650 4290 ponit
664 4219 781 4272 temere
796 4220 829 4272 et
843 4219 984 4271 mutatur
997 4212 1029 4270 in
1046 4211 1147 4271 horas.

365 4307 520 4369 Imberbis
534 4310 659 4370 iuvenis
673 4310 801 4370 tandem
817 4309 945 4370 custode
960 4317 1080 4369 remoto
