3592 5067
379 892 421 957 80
807 902 1014 957 seruorum

377 1074 440 1135 Hic
454 1094 543 1138 erus:
565 1076 750 1155 ‘Albanum
766 1080 942 1152 Maecenas,
958 1075 1025 1137 sive
1040 1073 1209 1135 Falernum

376 1174 421 1234 Te
436 1174 536 1252 magis
551 1175 707 1255 adpositis
721 1176 866 1250 delectat,
881 1174 1033 1235 habemus
1049 1181 1223 1251 utrumque.

377 1272 418 1331 H.
448 1271 587 1334 Divitias
602 1273 750 1334 miseras!
793 1273 854 1334 Sed
869 1272 940 1350 quis
956 1271 1139 1332 cenantibus
1153 1288 1225 1345 una,

376 1356 530 1446 Fundani,
546 1370 676 1450 pulchre
691 1371 790 1431 fuerit
805 1370 873 1447 tibi,
888 1388 981 1430 nosse
996 1368 1110 1429 laboro.

375 1468 410 1525 F.
441 1465 588 1529 Summus
603 1486 660 1545 ego
674 1476 706 1529 et
721 1487 817 1547 prope
832 1486 882 1527 me
897 1468 1011 1527 Viscus
1025 1465 1186 1526 Thurinus
1200 1470 1233 1525 et
1247 1462 1340 1538 infra,
1402 1475 1433 1522 ao
1494 1540 1498 1546 ·

376 1563 409 1624 Si
424 1566 562 1641 memini,
576 1565 701 1639 Varius,
717 1584 788 1626 curn
804 1564 938 1626 Servilio
953 1563 1121 1624 Balatrone

374 1660 530 1738 Vibidius,
547 1682 624 1741 quos
639 1664 804 1725 Maecenas
820 1662 996 1723 adduxerat
1009 1660 1144 1720 umbras.

374 1757 591 1821 Nomentanus
606 1768 674 1821 erat
688 1780 782 1839 super
797 1761 911 1838 ipsum,
927 1758 1058 1819 Porcius
1072 1756 1167 1831 inira,

374 1854 540 1916 Ridiculus
555 1863 638 1917 totas
654 1852 750 1917 s'emel
766 1857 931 1918 absorbere
946 1855 1115 1934 placentas.

373 1951 592 2013 Nomentanus
607 1954 645 2012 ad
661 1954 729 2028 hoo,
744 1955 809 2032 qui,
825 1954 852 2014 si
869 1953 946 2031 quid
960 1953 1042 2011 forte
1058 1951 1180 2026 lateret,

373 2047 483 2107 Indice
498 2056 686 2109 monstraret
700 2050 816 2126 digito:
840 2069 913 2109 nam
930 2054 1034 2108 cetera
1047 2048 1148 2121 turba,

373 2144 450 2218 Nos,
465 2144 602 2222 inquam,
617 2164 764 2207 cenamus
779 2148 856 2221 avis,
873 2144 1048 2223 conchylia,
1063 2144 1168 2220 piscis,

373 2242 479 2316 Longe
493 2241 680 2302 dissimilem
695 2251 770 2303 noto
785 2242 922 2303 celantia
936 2259 1053 2314 sucum,

373 2338 420 2398 Ut
434 2337 484 2396 vel
499 2339 648 2399 continuo
662 2339 774 2418 patuit,
791 2358 861 2400 cum
876 2337 1014 2416 passeris
1030 2342 1124 2413 atque

373 2432 539 2509 Ingustata
552 2434 632 2494 mihi
647 2443 828 2512 porrexerat
843 2435 901 2494 ilia
914 2432 1046 2493 rhombi.

371 2530 450 2589 Post
463 2529 522 2590 hoc
536 2549 586 2590 me
600 2532 708 2591 docuit
722 2532 881 2591 melimela
895 2531 1005 2590 rubere
1020 2528 1173 2588 minorem

370 2625 423 2685 Ad
438 2625 546 2685 lunam
560 2626 688 2687 delecta
732 2628 813 2698 Quid
828 2629 886 2688 hoc
902 2627 1038 2699 intersit,
1054 2623 1177 2701 abipso

370 2721 518 2782 Audieris
534 2723 653 2784 melius.
698 2725 778 2783 Turn
793 2724 941 2784 Vibidius
958 2721 1136 2782 Balatroni:

371 2817 455 2877 ‘Nos
470 2818 531 2879 nisi
547 2819 695 2881 damnose
710 2821 855 2895 bibimus,
871 2820 1039 2879 moriemur
1053 2817 1167 2891 inulti,’

370 2913 413 2971 Et
427 2913 538 2975 calices
553 2917 656 2992 poscit
672 2917 812 2976 maiores.
858 2917 986 2977 Vertere
1002 2917 1102 2994 pallor

369 3009 450 3068 Tum
465 3011 592 3088 parochi
607 3012 730 3086 faciem,
746 3013 792 3071 nil
808 3013 853 3073 sic
869 3013 1039 3073 metuentis
1054 3019 1091 3072 ut
1104 3012 1185 3073 acris

368 3105 508 3182 Potores,
524 3106 575 3166 vel
591 3108 674 3185 quod
688 3108 880 3168 maledicunt
896 3108 1025 3170 liberius
1040 3108 1090 3169 vel

370 3201 504 3260 Fervida
518 3204 602 3280 quod
616 3204 732 3264 subtile
746 3205 920 3265 exsurdant
933 3206 1009 3265 vina
1023 3204 1172 3281 palatum.

369 3296 538 3357 Invertnnt
555 3298 706 3360 Allifanis
723 3301 845 3361 vinaria
859 3308 927 3361 totu

368 3391 515 3454 Vibidius
532 3394 730 3472 Balatroque,
746 3398 862 3457 secutis
878 3397 1040 3472 omnibus;
1062 3396 1118 3456 imi

350 3487 525 3549 ·Convivae
540 3489 614 3549 lecti
629 3490 766 3551 nihilum
780 3511 912 3553 nocuere
927 3492 1075 3569 lagoenis.

406 3585 561 3646 Adfertur
576 3587 708 3664 squillas
722 3589 805 3649 inter
820 3607 949 3649 murena
963 3590 1104 3650 natantis

366 3682 405 3741 In
420 3682 530 3759 patina
543 3690 694 3761 porrecta
738 3685 802 3745 Sub
815 3686 873 3745 hoc
889 3704 970 3760 erus,
986 3691 995 3721 ‘
1004 3686 1092 3746 Haec
1107 3687 1253 3762 gravida'
1270 3687 1374 3765 inquit

366 3778 484 3855 ‘Capta
497 3784 555 3852 est,
571 3780 707 3840 deterior
721 3788 792 3858 post
807 3788 933 3859 partum
947 3799 1039 3841 carne
1053 3782 1170 3842 futura

367 3874 427 3934 His
443 3875 576 3934 mixtum
593 3877 642 3937 ius
657 3883 724 3952 est,
745 3877 821 3951 oleo,
838 3879 922 3956 quod
936 3879 1038 3957 prima
1052 3879 1183 3940 Venafri
1392 3893 1422 3937 es

365 3971 487 4031 Pressit
501 3971 597 4048 cella,
619 3992 694 4050 garo
709 3974 747 4034 de
762 3975 844 4034 sucis
860 3974 957 4054 piscis
972 3975 1085 4036 Hiberi
1094 3999 1102 4051 3

368 4068 447 4127 Vino
462 4067 666 4146 quinquenni,
682 4089 788 4130 verum
803 4072 883 4131 citra
897 4091 982 4132 mare
996 4079 1079 4147 nato,

367 4165 446 4223 llum
462 4166 607 4242 coquitur
616 4173 752 4226 —cocto
766 4167 879 4229 Chium
896 4169 942 4228 sic
956 4170 1110 4245 convenit,
1126 4176 1238 4230 utnon

365 4261 434 4321 Hoc
449 4261 549 4340 magis
563 4261 664 4323 ullum
679 4263 931 4345 aliud-pipere
947 4266 1027 4342 albo,
1041 4285 1104 4326 non
1119 4266 1187 4328 sine
1200 4274 1298 4343 aceto,
