3592 5067
370 926 448 992 η]
819 923 930 974 ursan
954 924 975 973 1.

369 1096 524 1174 Coeperis,
540 1101 596 1155 aut
610 1094 714 1156 tineas
729 1112 839 1172 pasces
853 1094 1028 1155 taciturnus
1043 1094 1155 1156 inertis

368 1195 436 1255 Aut
449 1192 555 1270 fugies
570 1191 699 1254 Uticam
715 1197 771 1252 aut
787 1192 912 1253 vinetus
926 1190 1061 1252 mitteris
1077 1191 1225 1253 Ilerdam.

368 1290 498 1351 Ridebit
512 1289 649 1349 monitor
663 1306 726 1348 nou
741 1288 918 1363 exauditus,
933 1295 969 1348 ut
983 1288 1039 1348 ille

366 1388 426 1459 Qui
441 1386 523 1446 male
538 1391 700 1464 parentem
715 1385 748 1444 in
765 1402 858 1462 rupes
874 1386 1026 1462 protrusit
1041 1384 1174 1446 asellum
1399 1402 1429 1448 lc

366 1486 489 1559 Iratus3
511 1482 583 1561 quis
598 1482 683 1541 enim
699 1481 835 1541 invitum
852 1500 976 1542 servare
991 1482 1138 1543 laboret?

366 1582 436 1642 Hoc
450 1598 574 1660 quoque
588 1585 620 1640 te
635 1584 751 1652 manet,
766 1586 804 1638 ut
818 1598 930 1657 pueros
946 1578 1101 1640 elementa
1114 1581 1276 1641 docentem

366 1680 504 1757 Occupet
515 1677 665 1738 extremis
680 1677 713 1736 in
729 1676 807 1737 vicis
823 1676 916 1737 balba
930 1685 1083 1739 senectus.

406 1776 485 1837 Cum
500 1774 559 1836 tibi
574 1774 620 1836 sol
636 1775 764 1853 tepidus
780 1773 880 1853 pluris
897 1775 1073 1837 admoverit
1085 1775 1181 1852 auris,

365 1874 419 1933 Me
434 1872 582 1932 libertino
596 1878 705 1933 natum
722 1879 811 1949 patre
826 1879 857 1933 et
873 1872 905 1931 in
921 1874 1009 1933 tenui
1023 1892 1056 1934 re

365 1969 501 2030 Maiores
517 1969 630 2047 pinnas
646 1969 722 2030 nido
736 1970 916 2031 extendisse
931 1969 1078 2048 loqueris,

365 2068 412 2129 Ut
426 2073 578 2142 quantum
595 2066 702 2142 generi
717 2065 834 2140 demas,
850 2066 1022 2128 virtutibus
1037 2067 1153 2143 addas3

364 2165 418 2224 Me
433 2163 543 2242 primis
557 2164 645 2224 urbis
660 2163 735 2225 belli
752 2163 909 2242 placuisse
924 2164 1079 2241 domique,

364 2259 509 2339 Corporis
524 2260 640 2338 exigui,
656 2279 855 2338 praeconum,
872 2259 990 2320 solibus
1005 2267 1123 2338 aptum,

363 2358 461 2419 Irasci
477 2357 618 2432 celerem,
635 2364 741 2418 tamen
757 2364 792 2417 ut
809 2357 972 2435 placabilis
986 2374 1095 2418 essem.

364 2456 458 2515 Forte
473 2474 575 2516 meum
591 2455 617 2515 si
633 2454 707 2532 quis
721 2460 754 2513 te
770 2454 1004 2531 percontabitur
1018 2472 1139 2528 aevum,

364 2553 417 2612 Me
432 2558 542 2630 quater
556 2552 697 2612 undenos
713 2552 793 2612 sciat
808 2551 989 2629 implevisse
1004 2550 1194 2627 Decembris,

364 2647 523 2725 Collegam
538 2648 694 2726 Lepidum
710 2666 773 2727 quo
787 2647 870 2707 dixit
884 2647 1006 2709 Lollius
1020 2665 1110 2707 anno.
