3592 5067
371 840 415 905 40
796 855 1003 907 snnuouuu

370 1028 419 1087 Tu
435 1026 518 1087 nihil
533 1027 567 1088 in
582 1047 695 1107 magno
709 1028 821 1091 doctus
835 1029 1041 1110 reprehendis
1056 1029 1222 1089 Homero?

369 1125 426 1185 Nil
443 1125 543 1186 cornis
555 1127 666 1205 tragici
682 1134 784 1189 mutat
797 1126 941 1187 Lucilius
956 1126 1043 1201 Acci,

369 1223 443 1283 Non
460 1223 544 1284 ridet
560 1243 668 1286 versus
683 1225 766 1285 Enni
781 1225 938 1301 gravitate
953 1224 1099 1298 minores,

369 1320 448 1382 Cum
461 1322 500 1382 de
516 1341 550 1384 se
566 1322 705 1400 loquitur
719 1341 781 1382 nou
796 1328 832 1382 ut
847 1322 963 1381 maiore
979 1320 1166 1398 reprensis?

368 1419 452 1490 Quid
467 1427 556 1480 vetat
571 1427 603 1480 et
618 1428 741 1481 nosmet
756 1418 860 1479 Lucili
875 1419 993 1497 scripta
1007 1417 1142 1494 legentis

368 1517 531 1592 Quaerere,
549 1537 625 1577 num
640 1517 736 1593 illius,
749 1536 825 1576 num
837 1535 940 1576 rerum
956 1517 1035 1576 dura
1049 1514 1173 1591 negarit

370 1614 547 1676 Versiculos
565 1623 679 1689 natura
693 1615 793 1691 magis
810 1615 911 1674 factos
923 1620 956 1674 et
970 1612 1075 1673 euntis

368 1711 509 1787 Mollius,
527 1713 604 1773 acsi
620 1713 691 1790 quis
707 1712 838 1790 pedibus
853 1711 931 1790 quid
943 1710 1086 1771 claudere
1102 1710 1195 1785 senis,

367 1808 439 1868 Hoc
454 1814 579 1868 tantum
597 1815 771 1884 contentus
784 1817 868 1869 amet
881 1808 1046 1886 scripsisse
1061 1807 1211 1867 ducentos

367 1905 453 1964 Ante
467 1906 572 1965 cibum
589 1924 707 1979 versus,
723 1906 854 1966 totidem
871 1907 1025 1966 cenatus?
1068 1905 1195 1965 Etrusci

367 2000 465 2071 Quale
481 2001 545 2060 fuit
561 2000 650 2061 Cassi
666 2002 777 2080 rapido
791 2003 967 2062 ferventius
982 2001 1067 2062 amni

368 2098 545 2174 Ingenium,
562 2099 665 2176 capsis
681 2117 772 2176 quem
790 2098 876 2158 fama
890 2104 939 2158 est
953 2116 1021 2158 esse
1037 2097 1188 2175 librisque

369 2195 561 2255 Ambustum
577 2195 722 2272 propriis.

754 2291 864 2350 Fuerit
878 2290 1031 2365 Lucilius,
1048 2291 1186 2368 inquam,

366 2387 473 2449 Comis
490 2394 523 2447 et
537 2387 684 2462 urbanus,
700 2388 799 2446 fuerit
816 2387 955 2446 limatior
970 2387 1078 2471 idem„

365 2485 466 2555 Quam
482 2484 571 2543 rudis
587 2491 618 2543 et
634 2483 764 2544 Graecis
780 2483 890 2542 intacti
907 2483 1056 2542 carminis
1071 2488 1179 2543 auctor

366 2581 527 2658 Quamque
545 2586 706 2657 poetarum
721 2579 877 2640 seniorum
894 2580 1004 2653 turba;
1027 2581 1082 2640 sed
1098 2580 1162 2655 ille,

366 2678 399 2737 Si
415 2678 498 2737 foret
515 2677 573 2736 hoc
589 2683 730 2735 nostrum
747 2676 814 2735 fato
829 2660 948 2736 dilatus
964 2676 996 2735 in
1011 2694 1133 2751 aevum,

365 2774 530 2834 Detereret
548 2773 609 2833 sibi
621 2772 730 2847 multa,
747 2772 900 2832 recideret
915 2792 1007 2833 omne
1021 2773 1104 2850 quod
1120 2773 1205 2833 ultra

365 2870 547 2930 Perfectum
564 2869 751 2943 traheretur,
767 2870 844 2929 etin
859 2888 951 2930 versu
968 2870 1111 2931 faciendo

365 2967 465 3044 Saepe
480 2971 575 3044 caput
592 2967 741 3041 scaberet,
757 2966 847 3025 vivos
862 2974 894 3026 et
909 2966 1033 3026 roderet
1047 2966 1171 3043 unguis.

406 3065 506 3140 Saepe
522 3062 631 3123 stilum
650 3070 763 3137 vertas,
780 3062 893 3123 iterum
910 3081 990 3140 quae
1005 3063 1101 3139 digna
1115 3062 1177 3139 legi
1192 3062 1258 3124 sint

366 3161 557 3239 scripturus,
575 3178 674 3236 neque
691 3166 722 3218 te
737 3166 773 3219 ut
789 3159 921 3219 miretur
936 3161 1028 3220 turba
1037 3160 1169 3235 labores,

365 3260 540 3319 Contentus
556 3257 664 3333 paucis
683 3256 860 3316 lectoribus.
906 3257 957 3314 An
973 3263 1028 3316 tua
1042 3257 1171 3317 demens

365 3354 491 3414 Vilibus
507 3354 540 3412 in
554 3352 639 3413 ludis
654 3352 768 3412 dictari
783 3352 921 3412 carmina
937 3353 1055 3413 malis?
1400 3369 1429 3413 75

365 3451 437 3510 Nou
454 3469 527 3526 ego;
550 3468 622 3509 nam
638 3450 715 3511 satis
734 3457 782 3511 cst
797 3452 933 3529 equitem
953 3449 1031 3509 mihi
1047 3449 1205 3528 plaudere,
1220 3458 1256 3511 ut
1270 3450 1383 3528 audax,

366 3547 563 3624 Contemptis
579 3546 660 3621 aliis,
678 3547 808 3627 explosa
821 3547 1000 3608 Arbuscula
1013 3547 1104 3607 dixit.

366 3645 442 3703 Men
457 3652 581 3703 moveat
595 3643 697 3705 cimex
714 3645 881 3719 Pantilius,
896 3652 953 3705 aut
967 3645 1085 3705 cruciet
1103 3645 1186 3723 quod

366 3740 502 3801 Vellicet
516 3742 678 3802 absentem
696 3743 884 3817 Demetrius,
903 3749 958 3801 aut
972 3742 1054 3820 quod
1070 3744 1197 3821 ineptus

366 3838 509 3897 Fannius
525 3838 735 3917 Hermogenis
751 3838 855 3899 laedat
871 3840 1003 3899 conviva
1016 3839 1157 3915 Tigelli?

367 3934 491 3995 Plotius
506 3942 538 3995 et
553 3936 678 4010 Varius,
695 3938 860 3996 Maecenas
875 3936 1107 4014 Vergiliusque,

366 4032 500 4108 Valgius
515 4039 547 4093 et
564 4033 674 4110 probet
690 4032 765 4093 haec
777 4033 927 4094 Octavius
943 4034 1081 4112 optimus
1096 4041 1191 4111 atque

367 4129 489 4190 Fuscus
505 4137 538 4189 et
552 4128 628 4189 haec
644 4131 764 4190 utinam
781 4131 944 4190 Viscorum
960 4131 1066 4192 laudet
1081 4134 1231 4209 uterque!

368 4226 553 4286 Ambitione
569 4226 707 4303 relegata
721 4235 752 4287 te
772 4228 873 4288 dicere
888 4246 1025 4306 possum,
