3592 5067
375 991 428 1058 ιι]
827 985 941 1037 mern
959 986 986 1037 ι.

373 1162 456 1235 Quid
472 1158 626 1240 quaeris?
667 1159 751 1220 Vivo
764 1163 797 1220 et
811 1177 917 1236 regn0,
932 1157 1029 1232 simul
1043 1158 1107 1219 ista
1121 1157 1236 1238 reliqui

373 1260 459 1331 Quae
476 1277 531 1319 vos
545 1256 586 1318 ad
599 1255 722 1318 caelum
737 1256 858 1317 effertis
873 1260 998 1339 ptunoi'e
1007 1237 1159 1332 seeundo,

374 1360 484 1435 thue
498 1354 670 1417 sacerdotis
685 1352 842 1429 fugitivus
857 1344 927 1414 liba'
938 1361 1064 1430 reeuso;
1211 1353 1214 1362 '

373 1455 460 1515 Pane
474 1471 550 1531 egeo
564 1453 628 1512 iam
643 1450 776 1512 mellitis
790 1453 913 1529 potiore
928 1450 1092 1529 placentis.
1107 1465 1123 1480 ³

377 1596 392 1632 ,-
399 1552 529 1624 ,Vivere
544 1556 676 1610 naturae
692 1549 719 1609 si
733 1548 957 1630 convenienter
971 1555 1105 1627 oportet,

372 1630 601 1726 Ponendaeque
616 1648 709 1711 domo
724 1647 903 1741 quaerenda
917 1652 968 1706 est
980 1665 1052 1707 area
1067 1647 1213 1726 primum,

371 1747 541 1827 Novistine
555 1745 658 1805 locum
674 1744 829 1822 potiorem
844 1762 915 1804 rure
930 1744 1048 1804 beato?

371 1845 431 1905 Est
446 1844 499 1904 ubi
515 1841 586 1922 plus
601 1848 715 1920 tepean
745 1842 876 1916 hiemes,
891 1840 947 1901 ubi
961 1842 1080 1918 gratior
1094 1860 1172 1903 aura

371 1941 533 2001 Leniatet
547 1939 725 2000 rabiema
748 1917 998 1999 rfflmomenta
1011 1940 1136 2014 Leonis,
1204 1958 1209 1966 ·

371 2038 451 2100 Oum
466 2036 562 2097 semel
577 2037 698 2114 aceepit
712 2036 818 2096 Solem
833 2036 1024 2096 furibundus
1038 2037 1192 2096 acutum?

365 2135 430 2194 Est
445 2133 501 2194 ubi
515 2132 650 2193 divellat
662 2151 787 2194 somnos
802 2133 909 2193 minus
924 2132 1035 2192 invida
1048 2134 1148 2193 cura?

370 2231 520 2292 Deterius
535 2231 664 2309 Libycis
679 2230 744 2291 olet
758 2237 814 2290 aut
828 2231 910 2290 nitet
924 2230 1021 2291 herba
1035 2229 1181 2308 lapillis?

370 2316 506 2389 Purior'
498 2346 531 2387 m
546 2328 625 2389 vicis
640 2346 723 2407 aqua
736 2328 841 2388 tendit
855 2345 999 2405 rumpere
1015 2328 1199 2434 plumbum,
1298 2394 1302 2400 ,

370 2426 469 2497 Quam
484 2444 565 2503 quae
580 2444 635 2503 per
649 2443 783 2504 pronum
798 2425 938 2503 trepidat
953 2442 1023 2484 cum
1038 2402 1197 2485 murmure
1207 2412 1343 2485 rivum?

369 2523 493 2600 Nempe
508 2523 591 2582 inter
607 2523 711 2583 varias
726 2523 867 2582 nutritur
882 2522 965 2582 silva
978 2522 1149 2597 columnas,
1218 2591 1220 2600 Ι

370 2619 593 2696 Laudaturque
607 2620 720 2680 domus
734 2619 845 2695 longos
860 2637 939 2697 quae
955 2619 1108 2697 prospicit
1122 2638 1223 2698 agnose

369 2717 525 2780 Naturam
540 2715 681 2793 expelles
696 2716 795 2789 furca,
810 2722 917 2775 tamen
933 2734 1031 2793 usque
1045 2723 1220 2793 recurret}

369 2813 412 2871 Et
427 2795 510 2872 rri'ala
524 2821 736 2908 perrumpet
720 2811 833 2872 furtim
848 2812 981 2871 fastidia
995 2812 1118 2872 victrix.

409 2908 482 2967 Non
498 2909 552 2985 qui
568 2886 705 2997 Sidonio
708 2879 899 2968 contendere
914 2908 1048 2969 callidus
1063 2893 1162 2969 ostio

368 3005 483 3066 Nescis
499 2976 693 3081 Aquinatem
707 3005 852 3082 potantia
867 3004 985 3064 vellera
1001 3005 1108 3064 fucum

368 3102 494 3164 Certius
508 3101 640 3177 accipiet
655 3100 803 3160 damnum
819 3101 988 3180 propiusve
1002 3100 1162 3177 medullis,

367 3200 468 3270 Quam
482 3198 538 3276 qui
552 3216 615 3257 non
629 3198 746 3276 poterit
761 3217 836 3257 vero
850 3198 1045 3275 distinguere
1060 3198 1186 3259 falsum.

368 3296 465 3367 Quem
481 3314 531 3355 res
546 3294 618 3373 plus
634 3295 732 3355 nimio
747 3294 943 3354 delectavere
959 3295 1123 3370 secundae,

368 3395 511 3453 Mutatae
526 3392 679 3469 quatient.
723 3392 757 3452 Si
774 3391 850 3468 quid
865 3392 1027 3466 mirabere,
1043 3409 1140 3469 pones

368 3489 502 3549 Invitus.
546 3490 632 3564 Fuge
646 3507 777 3566 magna3
800 3488 875 3548 licet
889 3488 947 3549 sub
963 3507 1098 3567 paupere
1112 3496 1197 3550 tecto

367 3588 470 3664 Reges
485 3594 518 3646 et
532 3605 639 3663 regum
655 3586 723 3646 vita
738 3604 936 3664 praecurrere
951 3586 1077 3647 amicos.

367 3682 486 3744 Cervus
501 3702 615 3761 equum
631 3702 738 3761 pugna
750 3684 862 3743 melior
876 3684 1093 3744 communibus
1108 3683 1215 3747 herbis

366 3780 519 3854 Pellebat,
534 3780 632 3840 donee
646 3781 750 3841 minor
764 3781 796 3839 in
812 3780 982 3840 certamine
998 3780 1091 3859 longo

368 3876 555 3955 Imploravit
569 3896 643 3955 opes
658 3878 795 3970 hominis
810 3879 998 3956 frenumque
1014 3878 1139 3957 recepit.

366 3973 427 4035 Sed
444 3983 611 4052 postquam
626 3976 691 4035 vict
693 3994 727 4036 οι·
678 3975 862 4036 tviolens
877 3976 1024 4036 discessit
1037 3976 1077 4036 ab
1092 3975 1191 4053 hoste,

365 4072 438 4132 Non
453 4072 591 4149 equitem
606 4072 709 4148 dorso,
720 4087 786 4147 uon
802 4074 928 4132 frenum
942 4072 1066 4151 depulit
1080 4092 1142 4134 ore

365 4168 417 4229 Sic
433 4169 486 4246 qui
502 4169 682 4248 pauperiem
699 4150 829 4235 veritus
827 4171 952 4248 potiore
967 4170 1106 4232 metallis

366 4266 538 4326 Libertate
541 4274 636 4341 caret,
651 4267 814 4327 dominum
829 4266 923 4327 vehet
937 4268 1098 4346 improbus
1112 4275 1207 4348 atque
1395 4287 1426 4335 ιο

365 4362 488 4423 Serviat
502 4366 764 4443 aetemum,·quia
777 4382 875 4444 parvo
889 4368 1008 4427 nesciet
1022 4366 1079 4426 uti.
