3592 5067
399 866 464 931 132
795 882 1058 935 nrrsrnnnnuu

438 1051 503 1114 Hic
516 1070 603 1113 error
616 1059 721 1116 tamen
737 1062 769 1117 et
783 1055 862 1117 levis
877 1056 955 1116 haec
969 1056 1093 1117 insania
1106 1062 1240 1135 quantas

396 1150 541 1211 Virtutes
557 1152 680 1228 habeat,
696 1153 742 1215 sic
756 1154 876 1230 collige.
920 1154 1011 1216 Vatis
1027 1172 1141 1215 avarus

395 1249 469 1308 Non
484 1254 601 1310 temere
616 1257 666 1311 est
679 1251 820 1327 auimns;
844 1270 953 1313 versus
967 1257 1061 1327 amat,
1073 1252 1132 1313 hoc
1145 1253 1253 1314 studet
1266 1270 1379 1327 unum3
1409 1262 1453 1310 roo

395 1345 602 1422 Detrimenta,
618 1347 711 1426 fugas
726 1367 895 1423 servorum,
912 1349 1056 1409 incendia
1069 1350 1161 1426 ridet,

394 1444 468 1504 Non
482 1445 626 1504 fraudem
641 1446 726 1506 socio
739 1465 875 1523 puerove
890 1446 1043 1524 incogitat
1056 1446 1153 1507 ullam

393 1541 538 1620 Pupillo;
561 1543 642 1602 vivit
656 1543 782 1621 siliquis
797 1550 830 1604 et
844 1562 925 1623 pane
939 1544 1091 1619 secund03

394 1638 531 1699 Militiae
546 1659 735 1718 quamquam
750 1642 885 1719 pigeret
900 1641 1010 1713 malus,
1021 1641 1113 1717 ‚utilis
1127 1640 1208 1717 urbi,

394 1735 427 1795 Si
443 1736 499 1797 das
514 1735 582 1811 hoc,
597 1738 704 1816 parvis
720 1756 843 1815 quoque
858 1738 950 1799 rebus
964 1756 1076 1813 magna
1093 1737 1204 1797 iuvari.

392 1831 436 1892 Os
448 1839 590 1893 tenerum
602 1834 691 1911 pueri
708 1834 897 1912 balbumque
912 1840 1005 1912 poeta
1018 1834 1143 1910 figurat,

391 1929 531 2007 Torquet
545 1932 584 1991 ab
595 1931 758 1992 obscaenis
774 1932 836 1991 iam
852 1949 934 1991 nunc
950 1932 1144 1992 sermonibus
1158 1949 1274 2007 aurem,

391 2027 467 2085 Mox
481 2026 577 2086 etiam
588 2034 698 2104 pectus
713 2029 888 2106 praeceptis
904 2029 1021 2087 format
1034 2028 1152 2102 amicis,

391 2122 583 2200 Asperitatis
598 2130 630 2184 et
644 2125 784 2184 invidiae
796 2132 950 2185 corrector
964 2130 996 2183 et
1011 2125 1084 2197 irae,
1107 2179 1112 2189 .

390 2220 487 2280 Recte
502 2220 589 2280 facta
602 2221 709 2297 refert,
723 2222 859 2282 orientia
873 2228 1015 2297 tempora
1028 2220 1113 2279 notis

389 2316 526 2377 Instruit
540 2317 703 2394 exemplis,
719 2318 844 2395 inopem
859 2317 979 2394 solatur
993 2323 1025 2376 et
1039 2334 1175 2393 aegrum.

389 2411 492 2473 (lastis
507 2431 577 2472 cum
594 2414 699 2491 pueris
714 2399 824 2488 ignara
835 2412 941 2491 puella
956 2412 1061 2472 mariti

388 2510 532 2570 Disceret
546 2511 629 2569 unde
644 2528 759 2587 preces,
775 2516 878 2569 vatem
894 2511 926 2569 ni
943 2511 1035 2570 Musa
1049 2509 1218 2569 dedisset?

296 2602 299 2605 ’
387 2606 495 2666 Poscit
509 2625 599 2683 opem
615 2606 726 2666 chorus
742 2614 773 2666 et
788 2607 968 2686 praesentia
982 2606 1111 2666 numina
1125 2605 1234 2680 sentit,

387 2701 541 2764 Caelestis
557 2702 705 2780 implorat
719 2721 817 2780 aquas
832 2704 925 2763 docta
938 2721 1028 2780 prece
1042 2701 1187 2778 blandus,

386 2799 514 2858 Avertit
530 2800 661 2873 morbos,
677 2798 845 2859 metuenda
859 2799 999 2876 pericula
1012 2798 1113 2877 pellit,

387 2896 543 2973 Impetrat
557 2902 589 2954 et
604 2913 711 2972 pacem
726 2902 759 2955 et
770 2895 957 2974 locupletem
973 2896 1116 2973 frugibus
1131 2913 1258 2955 annum

387 2993 532 3053 Carmine
547 2991 581 3050 di
595 2992 701 3069 superi
716 2991 890 3069 placantur,
905 2992 1043 3052 carmine
1055 2992 1175 3053 Manes.

400 3089 592 3175 Agricolae
606 3089 711 3167 prisci,
727 3090 826 3150 fortes
842 3108 1001 3168 parvoque
1014 3090 1106 3165 beati,

364 3178 372 3190 '
386 3162 523 3248 ¹(londita
537 3193 609 3264 post
624 3186 783 3245 frumenta
796 3186 938 3276 lev-autes
949 3187 1190 3263 temporeiesto

334 3294 341 3305 ·
385 3282 507 3361 Corpus
522 3283 576 3341 et
569 3301 671 3360 ipsum
687 3258 827 3357 animuin
843 3275 898 3361 s'pe
912 3278 985 3343 finis
1001 3284 1079 3350 dura
1084 3284 1257 3365 ferentem,

385 3380 465 3440 (lum
479 3379 573 3441 sociis
587 3398 725 3456 operum,
741 3380 846 3457 pueris
862 3386 893 3439 ct
907 3380 1037 3456 coniuge
1051 3379 1124 3456 fida,

385 3473 542 3536 Tellurem
558 3494 658 3554 porco,
676 3476 837 3536 Silvanum
855 3476 918 3537 lact
905 3477 1088 3554 tepiabant,
1151 3533 1177 3578 ,
1178 3518 1184 3525 -

385 3572 531 3634 Floribus
546 3579 578 3633 et
591 3572 667 3631 vino
680 3572 815 3634 Genium
830 3591 997 3633 memorem
1012 3573 1116 3635 brevis
1130 3542 1208 3633 aevi.

383 3669 580 3730 Fescennina
592 3688 648 3747 per
662 3669 745 3730 hunc
758 3640 885 3729 irir'e'cta
892 3670 1028 3748 licentia
1041 3688 1158 3730 morem

383 3765 681 3827 Versibusalternis
695 3766 867 3846 opprobria
875 3766 994 3827 rustica
1008 3767 1101 3862 fudit,

384 3863 589 3964 Libertasque
604 3841 815 3925 recurrentis(
806 3870 934 3942 accepta
948 3882 1003 3941 per
1017 3882 1115 3925 annos

383 3948 480 4021 Lusit
486 3948 708 4048 amabiliter,
692 3960 812 4020 donec
804 3979 867 4020 ram
882 3979 995 4023 saevus
1009 3967 1149 4038 apertam

384 4058 423 4117 In
438 4058 555 4118 rabiem
570 4057 673 4135 coepit
687 4058 791 4117 verti
783 4076 869 4118 rocus
867 4032 916 4117 et
930 4076 985 4134 per
1000 4058 1146 4120 honestas

383 4155 435 4214 Ire
449 4154 580 4214 domos
572 4172 700 4232 impune
714 4155 829 4214 minax.
874 4154 1008 4215 Doluere
1022 4161 1149 4216 cruento

353 4309 357 4316 .
383 4252 486 4315 Dente
499 4250 675 4345 lacessivit,
698 4251 762 4312 fuit
777 4252 906 4313 intactis
921 4270 1044 4334 quoque
1057 4269 1133 4316 cura
