3592 5067
380 893 444 959 160
777 903 1039 955 arrsrunareuu
1367 902 1433 970 [111.

378 1077 480 1155 Reges
495 1077 646 1139 dicuntur
661 1078 771 1139 multis
786 1096 896 1154 urgere
911 1076 1038 1138 culullis

378 1176 421 1236 Et
435 1183 580 1254 torquere
595 1195 689 1251 mero,
706 1194 798 1253 quem
814 1176 1012 1254 perspexisse
1026 1175 1180 1251 laborant,
1390 1196 1435 1243 435

377 1274 429 1333 An
445 1274 488 1334 sit
501 1273 642 1335 amicitia
655 1274 786 1349 dignus,
810 1274 837 1332 si
852 1272 991 1333 carmina
1004 1273 1127 1348 condes,

377 1372 559 1450 Numquam
574 1378 605 1432 te
621 1371 736 1431 fallent
750 1369 847 1430 animi
863 1371 921 1431 sub
936 1370 1028 1448 volpe
1042 1370 1187 1432 latentes.

376 1469 531 1539 Quintilio
545 1471 572 1531 si
588 1469 664 1546 quid
680 1468 836 1541 recitares,
853 1467 1005 1544 ‘corrige
1021 1469 1123 1542 sodes,

377 1566 464 1627 Hoc’
480 1567 584 1628 aiebat
599 1573 607 1602 ‘
616 1573 648 1625 et
662 1566 740 1626 hoc!
782 1564 898 1625 Melius
914 1571 945 1624 te
956 1584 1047 1643 posse
1062 1584 1201 1641 negares,

377 1664 432 1724 Bis
443 1671 553 1741 terque
568 1669 730 1743 expertum
746 1664 881 1739 frustra,
904 1662 1008 1722 delere
1023 1663 1150 1724 iubebat
1388 1683 1434 1731 440

376 1760 418 1820 Et
432 1760 513 1821 male
527 1768 668 1822 tornatos
684 1762 790 1821 incudi
807 1761 935 1821 reddere
951 1780 1067 1821 versus.

376 1857 410 1917 Si
425 1857 593 1918 defendere
608 1857 758 1918 delictum
774 1877 867 1936 quarn
883 1866 1004 1918 vertere
1019 1857 1138 1933 mellea,

374 1954 507 2014 Nullum
523 1955 608 2013 ultra
623 1956 751 2015 verbnm
767 1962 822 2015 aut
837 1973 962 2033 operam
978 1954 1157 2016 insumebat
1168 1954 1301 2029 inanem,

375 2050 455 2119 Quin
472 2050 540 2111 siue
554 2050 647 2109 rivali
662 2057 755 2128 teque
771 2057 804 2110 et
818 2058 873 2111 tua
888 2051 973 2111 solus
987 2069 1116 2111 amares.

374 2146 433 2206 Vir
447 2148 547 2207 bonus
562 2154 594 2207 et
610 2148 748 2225 prudens
763 2166 872 2207 versus
888 2148 1097 2225 reprehendet
1111 2147 1231 2222 inertis,
1387 2168 1433 2215 445

375 2242 525 2319 Culpabit
539 2243 643 2316 duros,
660 2244 828 2321 incomptis
844 2243 966 2303 adlinet
980 2250 1083 2304 atrum

374 2338 566 2399 Transverso
580 2339 701 2399 calamo
716 2339 849 2414 signum,
865 2340 1033 2400 ambitiosa
1046 2339 1166 2400 recidet

374 2434 575 2509 Ornamenta,
592 2453 701 2512 parum
717 2434 810 2495 claris
826 2436 926 2496 lucem
942 2436 1015 2496 dare
1030 2442 1128 2513 coget,

374 2530 495 2606 Arguat
510 2531 654 2606 ambigue
669 2531 798 2605 dictum,
814 2533 965 2592 mutanda
979 2532 1109 2605 notabit,

374 2626 445 2686 Fiet
459 2627 680 2701 Aristarchus3
702 2646 763 2687 non
780 2628 880 2688 dicet:
904 2630 982 2690 ‘Cur
997 2646 1054 2703 ego
1068 2630 1204 2688 amioum
1385 2650 1430 2697 450

373 2721 538 2783 Offendam
552 2723 587 2782 in
600 2724 735 2799 nugis?'
778 2725 847 2784 Hae
862 2743 963 2801 nugae
978 2726 1059 2785 seria
1074 2726 1191 2784 ducent

372 2818 413 2878 In
426 2818 510 2879 mala
523 2819 662 2879 derisum
678 2820 774 2880 semel
789 2827 1015 2899 exceptumque
1030 2821 1167 2882 sinistre.

412 2916 461 2976 Ut
475 2915 560 2975 mala
572 2934 666 2993 quem
682 2917 800 2977 scabies
815 2925 870 2977 aut
884 2919 1010 2979 morbus
1025 2919 1130 2993 regius
1144 2923 1236 2993 urget

371 3009 439 3071 Aut
452 3011 610 3071 fanaticus
624 3030 711 3072 error
725 3020 756 3072 et
770 3013 922 3073 iracunda
935 3014 1047 3088 Diana,

371 3107 529 3167 Vesanum
545 3106 690 3184 tetigisse
703 3108 818 3169 timent
832 3109 1021 3188 fugiuntque
1035 3116 1169 3188 poetam,
1382 3134 1427 3180 455

371 3203 430 3272 Qui
446 3203 591 3280 sapiunt;
614 3204 737 3281 agitant
751 3206 840 3282 pueri
854 3206 1036 3284 incautique
1052 3212 1233 3283 sequuntur.

371 3298 435 3359 Hic
450 3299 525 3359 dum
541 3299 685 3362 sublimis
700 3320 810 3361 versus
825 3309 965 3362 ructatur
980 3308 1012 3362 et
1025 3309 1117 3377 errat,

371 3394 405 3455 Si
419 3394 519 3456 veluti
534 3396 664 3457 merulis
679 3397 820 3457 intentus
835 3398 959 3458 decidet
972 3417 1085 3476 auceps

369 3491 409 3551 In
424 3498 553 3569 puteum
568 3493 741 3569 foveamve,
757 3494 832 3555 licet
847 3495 1058 3555 ‘Succurrite'
1073 3496 1202 3572 longum

369 3587 492 3649 Clamet
507 3588 558 3648 ‘io
572 3588 676 3665 cives,'
691 3609 755 3650 non
769 3590 812 3651 sit
826 3592 880 3668 qui
895 3591 1005 3651 tollere
1020 3598 1116 3652 curet

368 3682 402 3743 Si
417 3690 505 3744 curet
519 3686 589 3762 quis
601 3705 690 3764 opem
705 3687 790 3746 ferre
803 3693 836 3746 et
850 3687 1016 3748 demittere
1027 3688 1146 3763 funem,

369 3780 446 3851 ‘Qui
461 3781 531 3856 scis,
547 3801 587 3842 an
602 3783 741 3859 prudens
755 3784 816 3842 hnc
831 3802 864 3843 se
878 3784 1026 3845 deiecerit
1040 3792 1135 3862 atque

367 3876 491 3938 Servari
507 3878 631 3938 nolit?’
648 3880 757 3954 dicam,
774 3878 933 3959 Siculique
951 3887 1061 3958 poetae

366 3973 509 4034 Narrabo
520 3976 693 4035 interitum.
736 3977 822 4036 Deus
837 3977 1024 4038 immortalis
1039 3977 1147 4038 haberi
1239 4030 1242 4034 ,

366 4069 449 4130 Dum
464 4072 552 4149 cupit
566 4072 781 4151 Empedocles,
797 4074 957 4134 ardentem
972 4075 1109 4151 frigidus
1124 4076 1259 4136 Aetnam
1376 4100 1420 4145 ars

365 4167 504 4228 Insiluit.
548 4169 597 4230 Sit
612 4170 661 4230 ins
677 4170 831 4249 liceatque
845 4172 947 4250 perire
961 4172 1078 4251 poetis:

365 4264 505 4326 Invitum
521 4267 575 4345 qui
590 4273 702 4342 serrat,
718 4268 801 4328 idem
816 4268 894 4329 facit
908 4269 1069 4330 occidenti.
