3592 5067
381 894 448 1008 rin]
833 939 947 991 nisan
969 939 991 991 n

379 1111 412 1173 Si
427 1112 521 1172 modo
535 1109 627 1191 plura
641 1110 721 1171 mihi
736 1112 817 1172 bona
832 1119 917 1187 suut,
934 1112 1074 1188 inclinet,
1089 1112 1189 1173 amari

378 1208 412 1269 Si
428 1209 521 1269 volet.
565 1208 636 1268 Hac
651 1208 719 1285 lege
735 1209 768 1269 in
783 1210 906 1269 trutina
921 1215 1054 1287 ponetur
1067 1210 1185 1270 eadem.

377 1306 437 1378 oui
451 1324 492 1365 ne
506 1305 670 1366 tuberibus
686 1306 823 1383 propriis
837 1306 979 1366 offendat
993 1306 1128 1366 amicum

378 1402 532 1478 Postulat,
549 1402 691 1479 ignoscet
706 1403 845 1463 verrucis
861 1401 965 1463 illius:
989 1421 1122 1481 aequum
1138 1411 1188 1465 est

376 1500 520 1561 Peccatis
534 1500 659 1560 veniam
675 1506 855 1578 poscentem
871 1501 1002 1561 reddere
1017 1520 1133 1562 rursus.

417 1599 571 1675 Denique,
587 1603 744 1675 quatenus
759 1598 863 1657 excidi
879 1598 1007 1676 penitus
1022 1598 1135 1658 vitium
1150 1600 1225 1675 irae,

376 1696 488 1757 Cetera
502 1696 578 1755 item
594 1702 755 1772 nequeunt
770 1695 879 1756 stultis
894 1694 1066 1770 haerentia,
1082 1715 1137 1757 cur
1151 1715 1214 1756 uon

375 1793 571 1853 Ponderibus
587 1792 786 1870 modulisque
801 1792 866 1853 suis
883 1793 963 1852 ratio
977 1793 1087 1868 utitur,
1103 1812 1138 1853 ac
1153 1812 1203 1856 res

376 1891 422 1951 Ut
437 1907 579 1968 quaeque
594 1896 651 1964 est,
668 1890 714 1949 ita
728 1889 895 1968 suppliciis
912 1890 1028 1950 delicta
1041 1893 1189 1951 coercet?

352 2014 355 2019 ·
375 1987 409 2047 Si
424 1988 496 2064 quis
511 2005 582 2046 eum
599 2004 734 2061 servum,
750 1987 890 2065 patinam
906 1987 960 2064 qni
976 1986 1087 2047 tollere
1103 1989 1207 2049 iussus

375 2084 518 2144 Sernesos
533 2083 630 2161 piscis
647 2083 850 2161 tepidumque
867 2083 1042 2161 ligurrierit
1056 2085 1115 2160 ins,

376 2181 413 2240 In
427 2199 518 2241 eruce
534 2180 669 2256 suffigat,
687 2181 831 2240 Labeone
846 2181 988 2241 insanior
1003 2181 1085 2241 inter

374 2277 473 2337 Sanos
488 2277 620 2337 dicatur.
648 2344 650 2347 ⁵
663 2277 787 2349 Quanto
803 2279 861 2338 hoo
877 2278 1029 2339 furiosius
1043 2287 1138 2356 atque

374 2376 477 2435 Maius
494 2384 656 2452 peccatum
672 2381 736 2435 est:
760 2375 902 2453 paullum
918 2375 1054 2452 deliquit
1068 2378 1197 2453 amicus,

372 2471 538 2541 Quodnisi
554 2472 715 2546 concedas,
731 2471 865 2532 habeare
880 2473 1033 2547 insuavis,
1048 2474 1195 2535 acerbus:

373 2566 477 2628 Odisti
492 2576 525 2628 et
540 2569 626 2645 fugis
642 2577 677 2628 ut
692 2569 852 2629 Rusonem
869 2569 993 2629 debitor
1008 2571 1098 2645 aeris,

372 2664 430 2734 Qui
447 2665 520 2738 nisi,
536 2684 607 2724 curn
623 2665 732 2726 tristes
747 2666 861 2725 misero
878 2684 990 2725 venere
1006 2666 1179 2742 Kalendae,

372 2760 549 2820 Mercedem
565 2768 621 2819 aut
635 2780 780 2821 nummos
796 2762 976 2821 undeunde
992 2765 1135 2836 extricat,
1152 2782 1274 2824 amaras

371 2858 520 2917 Porrecto
534 2856 643 2933 iugulo
657 2857 806 2917 historias
822 2858 967 2935 captivus
983 2867 1019 2917 ut
1033 2860 1131 2919 audit.

371 2953 567 3014 Comminxit
582 2952 697 3019 lectum
713 2961 806 3031 potus
822 2972 971 3014 mensave
986 2955 1127 3014 catillum

371 3047 511 3110 Evandri
526 3050 672 3110 manibus
687 3050 799 3109 tritum
815 3049 947 3123 deiecit;
970 3051 1009 3110 ob
1023 3052 1104 3110 hanc
1119 3071 1194 3126 rem,

370 3148 437 3206 Aut
451 3147 590 3225 positum
605 3153 679 3206 ante
694 3166 764 3207 mea
779 3146 854 3224 qnia
868 3147 990 3225 pullum
1006 3148 1038 3206 in
1054 3156 1143 3225 parte
1158 3150 1255 3209 catini

371 3243 507 3303 Sustulit
522 3244 674 3319 esuriens,
690 3244 795 3303 minus
811 3244 869 3304 hoc
885 3244 1040 3304 iucundus
1056 3247 1174 3306 amicus

370 3340 419 3399 Sit
434 3339 539 3398 mihi?
583 3339 664 3410 Quid
681 3340 795 3399 faciam
811 3341 837 3399 si
854 3341 976 3400 furtum
992 3341 1112 3416 fecerit,
1127 3349 1182 3401 aut
1197 3344 1224 3403 si

369 3437 550 3496 Prodiderit
565 3438 733 3497 commissa
747 3437 809 3496 fide
825 3455 1016 3515 sponsumve
1032 3440 1180 3514 negarit?

409 3533 486 3603 Quis
501 3534 591 3612 paria
605 3552 673 3595 esse
688 3534 755 3594 fere
771 3534 891 3612 placuit
907 3540 1042 3612 peccata,
1058 3535 1203 3598 laborant

368 3629 445 3690 Cum
462 3638 591 3689 ventum
607 3631 647 3690 ad
664 3650 770 3690 verum
787 3639 852 3691 est:
876 3649 987 3692 sensus
1004 3650 1168 3710 moresque
1184 3641 1361 3711 repugnant

370 3728 473 3804 Atque
489 3728 559 3805 ipsa
573 3728 705 3801 utilitas,
721 3728 797 3789 iusti
813 3747 910 3807 prope
925 3737 1025 3788 mater
1039 3736 1071 3788 et
1085 3731 1186 3806 aequi.

407 3825 485 3884 Cum
501 3833 726 3903 prorepserunt
739 3825 851 3904 primis
866 3825 1018 3886 animalia
1031 3827 1132 3901 terris,

366 3921 490 3981 Mutum
507 3928 539 3981 et
553 3930 645 4000 turpe
660 3941 763 4001 pecus,
780 3924 924 3999 glandem
942 3930 1037 4001 atque
1052 3924 1169 3984 cubilia
1183 3933 1311 4004 propter
1386 3940 1430 3986 loo

368 4021 535 4097 Unguibus
551 4028 583 4081 et
598 4022 721 4100 pugnis,
737 4021 810 4081 dein
827 4021 976 4095 fustibus,
993 4029 1088 4099 atque
1102 4023 1150 4081 ita
1163 4041 1255 4100 porro

366 4117 553 4193 Pugnabant
568 4120 673 4193 armis,
688 4137 769 4195 quae
784 4126 855 4196 post
871 4119 1081 4179 fabricaverat
1095 4138 1181 4194 usus,

365 4213 471 4276 Donec
486 4216 590 4289 verba,
605 4216 720 4293 quibus
735 4235 826 4276 voces
841 4235 1015 4294 sensusque
1030 4224 1186 4293 notarent,

363 4311 395 4371 N
397 4313 563 4390 ominaque
578 4314 744 4388 invenere;
767 4313 881 4373 dehinc
896 4314 1048 4375 absistere
1062 4314 1155 4389 bello,
