3592 5067
604 186 1347 407 --———

385 898 449 964 148
775 908 1037 963 urrsruussuu

382 1083 541 1145 Obscurus
556 1083 615 1161 fio;
637 1091 811 1146 sectantem
826 1084 911 1145 levia
924 1084 1012 1144 nervi

382 1181 542 1243 Deficiunt
556 1182 732 1261 animique;
755 1183 917 1261 professus
931 1181 1063 1259 grandia
1076 1188 1181 1260 turget
1189 1205 1197 1258 ;

381 1280 486 1359 Serpit
500 1281 588 1342 humi
603 1286 693 1342 tutus
708 1279 840 1340 nimium
856 1280 1049 1357 timidusque
1064 1279 1236 1357 procellae,

379 1378 438 1449 Qui
454 1380 575 1440 variare
589 1378 679 1458 cupit
692 1396 759 1438 rem
773 1378 992 1457 prodigialiter
1005 1396 1108 1454 unam,
1313 1375 1315 1379 ’

379 1475 571 1553 Delphinum
587 1476 683 1563 silvis·
693 1475 848 1554 adpingit,
867 1474 1014 1536 fluctibus
1029 1493 1148 1553 aprum.

378 1573 417 1631 In
433 1573 546 1633 vitium
561 1575 650 1635 ducit
664 1572 774 1652 culpae
789 1574 875 1649 iuga,
890 1573 918 1633 si
933 1579 1017 1633 caret
1031 1577 1106 1632 arte.

417 1670 589 1731 Aemilium
605 1671 688 1731 circa
701 1665 811 1731 ludum
827 1671 916 1731 faber
931 1670 1013 1729 imus
1027 1675 1059 1729 et
1073 1669 1188 1746 unguis

376 1766 543 1845 Exprimet
556 1775 588 1828 et
603 1767 707 1828 mollis
722 1767 901 1829 imitabitur
916 1786 985 1828 aere
999 1766 1139 1844 capillos,

377 1862 497 1923 Infelix
510 1865 614 1943 operis
629 1883 760 1939 summa,
775 1865 852 1943 quia
866 1883 981 1943 ponere
995 1870 1097 1924 totum

374 1960 512 2021 Nesciet.
556 1962 651 2021 Hunc
666 1979 724 2038 ego
738 1980 796 2038 me,
812 1962 839 2022 si
855 1961 933 2040 quid
948 1979 1130 2039 componere
1144 1980 1258 2037 curem,

374 2056 447 2115 Non
462 2058 562 2134 magis
576 2076 644 2118 esse
659 2058 765 2132 velim,
780 2077 873 2137 quam
889 2077 965 2119 uaso
979 2059 1085 2117 vivere
1099 2076 1197 2136 pravo
1241 2092 1243 2095 ·
1264 2042 1273 2050 ¹

375 2152 586 2230 Spectandum
601 2153 700 2228 nigris
715 2152 815 2214 oculis
830 2154 982 2231 nigroque
996 2153 1119 2231 capillo.

414 2249 534 2310 Sumite
548 2250 712 2310 materiam
727 2251 852 2326 vestris,
869 2251 925 2328 qui
940 2251 1087 2326 scribitis,
1102 2269 1235 2329 aequam

372 2346 500 2408 Viribus
516 2351 548 2406 et
563 2352 686 2431 versate
701 2346 758 2406 diu
772 2347 849 2424 quid
864 2347 948 2407 ferre
964 2353 1115 2422 recusent,

371 2441 452 2510 Quid
467 2442 593 2504 valeant
607 2442 717 2503 umeri.
760 2443 820 2504 Cui
836 2443 918 2502 lecta
932 2449 1075 2521 potenter
1090 2444 1150 2503 erit
1165 2462 1224 2518 res,

370 2537 401 2597 N
404 2556 438 2598 ec
453 2538 602 2600 facundia
616 2539 740 2600 deseret
754 2538 837 2599 hune
851 2557 908 2601 nec
923 2539 1046 2599 lucidus
1062 2539 1145 2599 ordo.

410 2634 539 2696 Ordinis
553 2636 629 2696 haec
644 2637 746 2695 virtus
762 2636 823 2696 erit
837 2642 870 2696 et
884 2637 1001 2709 Venus,
1016 2642 1070 2695 aut
1084 2654 1142 2713 ego
1156 2635 1261 2711 fallor,

372 2732 418 2792 Ut
432 2732 493 2791 iarn
509 2750 590 2792 nunc
606 2732 691 2793 dicat
706 2732 769 2791 iam
784 2750 867 2793 nuuc
883 2699 1030 2793 debentia
1043 2732 1115 2808 diei,

370 2827 522 2905 Pleraque
537 2827 665 2889 differat
679 2835 711 2889 et
725 2847 874 2907 praesens
889 2830 923 2890 in
938 2836 1061 2907 tempus
1076 2830 1219 2905 omittat;

369 2924 440 2983 Hoc
454 2931 546 2998 amet,
562 2924 619 2985 hoc
635 2931 763 3005 spernat
777 2926 925 3004 promissi
941 2926 1087 2987 carminis
1102 2933 1220 2987 auctor.

407 3022 447 3081 In
462 3022 564 3083 verbis
579 3022 675 3082 etiam
690 3023 794 3084 tenuis
809 3028 983 3100 cautusque
997 3023 1137 3083 serendis
1199 3096 1201 3100 Ι

367 3118 492 3178 Dixeris
507 3118 641 3194 egregie,
656 3126 766 3179 notum
782 3120 808 3180 si
824 3118 942 3180 callida
955 3119 1084 3178 verbum

367 3214 556 3297 Reddiderit
570 3216 716 3276 iunctura
729 3234 854 3276 novum.
898 3216 931 3276 Si
947 3215 1029 3275 forte
1044 3234 1169 3277 necesse
1185 3221 1234 3277 est

367 3312 500 3373 Iudiciis
514 3318 687 3373 monstrare
702 3312 878 3372 recentibus
893 3312 1003 3373 abdita
1017 3330 1128 3388 rerum,

367 3408 499 3484 Fingere
512 3409 662 3470 cinctutis
677 3427 739 3468 non
754 3408 904 3468 exaudita
919 3409 1065 3486 Cethegis

366 3504 535 3581 Continget
549 3505 737 3583 dabiturque
752 3503 890 3602 licentia,
896 3510 1022 3583 sumpta
1035 3505 1197 3582 pudenter.

371 3643 372 3647 ,
405 3602 448 3661 Et
462 3620 544 3662 nova
557 3602 692 3680 fictaque
707 3620 807 3679 nuper
823 3601 985 3662 habebunt
1000 3601 1094 3662 verba
1106 3601 1211 3677 fidem,
1227 3601 1254 3662 si

367 3698 485 3759 Graeco
499 3698 588 3758 fonte
603 3700 716 3759 cadent
731 3717 822 3776 parce
838 3699 973 3759 detorta.
1017 3698 1099 3769 Quid
1114 3704 1220 3759 autem

365 3793 502 3857 Caecilio
516 3795 691 3873 Plautoque
706 3795 795 3856 dabit
809 3797 981 3870 Romanus,
996 3796 1176 3874 ademptum

366 3890 506 3967 Vergilio
520 3892 704 3970 Varioque?
746 3892 813 3969 Ego
827 3911 891 3967 cur,
908 3892 1072 3969 adquirere
1087 3910 1189 3970 pauca

365 3988 398 4048 Si
414 4006 550 4067 possum,
565 3988 718 4065 invideor,
734 4008 804 4048 cum
820 3989 929 4065 lingua
943 3989 1071 4051 Catonis
1087 3997 1119 4050 et
1132 3989 1218 4049 Enni

366 4087 546 4146 Sermonem
561 4085 699 4164 patrium
713 4086 865 4145 ditaverit
879 4092 912 4145 et
926 4104 1008 4145 nova
1022 4104 1124 4146 rerum

366 4183 394 4240 N
397 4182 502 4242 omina
515 4182 709 4261 protulerit?
750 4182 857 4242 Licuit
872 4200 1054 4260 semperque
1069 4181 1177 4243 licebit

365 4278 530 4355 Signatum
546 4285 708 4359 praesente
721 4283 797 4339 nota
810 4279 980 4357 producere
995 4297 1116 4339 nomen.
