<?xml version="1.0" encoding="UTF-8"?>
<!DOCTYPE html PUBLIC "-//W3C//DTD XHTML 1.0 Transitional//EN"
    "http://www.w3.org/TR/xhtml1/DTD/xhtml1-transitional.dtd">
<html xmlns="http://www.w3.org/1999/xhtml" xml:lang="en" lang="en">
 <head>
  <title>
</title>
<meta http-equiv="Content-Type" content="text/html;charset=utf-8" />
  <meta name='ocr-system' content='tesseract 3.04.00' />
  <meta name='ocr-capabilities' content='ocr_page ocr_carea ocr_par ocr_line ocrx_word'/>
</head>
<body>
  <div class='ocr_page' id='page_1' title='image "./qhoratiflaccise00rolfgoog_0080.png"; bbox 0 0 3592 5067; ppageno 0'>
   <div class='ocr_carea' id='block_1_1' title="bbox 376 879 1007 943">
    <p class='ocr_par' dir='ltr' id='par_1_1' title="bbox 376 879 1007 943">
     <span class='ocr_line' id='line_1_1' title="bbox 376 879 1007 943; baseline -0.002 -1"><span class='ocrx_word' id='word_1_1' title='bbox 376 879 419 942; x_wconf 79' lang='lat'>22</span> <span class='ocrx_word' id='word_1_2' title='bbox 801 891 1007 943; x_wconf 77' lang='lat' dir='ltr'>suanorum</span> 
     </span>
    </p>
   </div>
   <div class='ocr_carea' id='block_1_2' title="bbox 374 1045 1183 1140">
    <p class='ocr_par' dir='ltr' id='par_1_2' title="bbox 374 1045 1183 1140">
     <span class='ocr_line' id='line_1_2' title="bbox 374 1045 1183 1140; baseline 0.005 -17"><span class='ocrx_word' id='word_1_3' title='bbox 374 1063 536 1125; x_wconf 81' lang='lat' dir='ltr'>Avertunt</span> <span class='ocrx_word' id='word_1_4' title='bbox 550 1082 685 1140; x_wconf 85' lang='lat' dir='ltr'>somnos,</span> <span class='ocrx_word' id='word_1_5' title='bbox 702 1065 861 1127; x_wconf 81' lang='lat' dir='ltr'><strong>absentem</strong></span> <span class='ocrx_word' id='word_1_6' title='bbox 878 1072 914 1127; x_wconf 90' lang='lat' dir='ltr'>ut</span> <span class='ocrx_word' id='word_1_7' title='bbox 928 1072 1035 1127; x_wconf 87' lang='lat' dir='ltr'>cantat</span> <span class='ocrx_word' id='word_1_8' title='bbox 1049 1045 1183 1127; x_wconf 88' lang='lat' dir='ltr'>amicam</span> 
     </span>
    </p>
   </div>
   <div class='ocr_carea' id='block_1_3' title="bbox 365 1161 1238 4339">
    <p class='ocr_par' dir='ltr' id='par_1_3' title="bbox 365 1161 1238 4339">
     <span class='ocr_line' id='line_1_3' title="bbox 374 1161 1098 1243; baseline 0.006 -22"><span class='ocrx_word' id='word_1_9' title='bbox 374 1162 481 1222; x_wconf 91' lang='lat' dir='ltr'>Multa</span> <span class='ocrx_word' id='word_1_10' title='bbox 494 1161 640 1241; x_wconf 90' lang='lat' dir='ltr'>prolutus</span> <span class='ocrx_word' id='word_1_11' title='bbox 655 1182 759 1242; x_wconf 83' lang='lat' dir='ltr'>vappa</span> <span class='ocrx_word' id='word_1_12' title='bbox 773 1171 871 1225; x_wconf 86' lang='lat' dir='ltr'>nauta</span> <span class='ocrx_word' id='word_1_13' title='bbox 885 1171 980 1243; x_wconf 89' lang='lat' dir='ltr'>atque</span> <span class='ocrx_word' id='word_1_14' title='bbox 995 1165 1098 1225; x_wconf 90' lang='lat' dir='ltr'>viator</span> 
     </span>
     <span class='ocr_line' id='line_1_4' title="bbox 373 1260 1127 1324; baseline 0 -3"><span class='ocrx_word' id='word_1_15' title='bbox 373 1260 535 1321; x_wconf 82' lang='lat' dir='ltr'><strong>Certatim.</strong></span> <span class='ocrx_word' id='word_1_16' title='bbox 579 1261 720 1322; x_wconf 83' lang='lat' dir='ltr'>Tandem</span> <span class='ocrx_word' id='word_1_17' title='bbox 735 1262 839 1324; x_wconf 87' lang='lat' dir='ltr'>fessus</span> <span class='ocrx_word' id='word_1_18' title='bbox 854 1261 990 1322; x_wconf 89' lang='lat' dir='ltr'>dormire</span> <span class='ocrx_word' id='word_1_19' title='bbox 1004 1261 1109 1323; x_wconf 83' lang='lat' dir='ltr'>viator</span> <span class='ocrx_word' id='word_1_20' title='bbox 1124 1292 1127 1297; x_wconf 94' lang='lat'>·</span> 
     </span>
     <span class='ocr_line' id='line_1_5' title="bbox 373 1358 1135 1438; baseline 0.004 -21"><span class='ocrx_word' id='word_1_21' title='bbox 373 1358 502 1437; x_wconf 78' lang='lat' dir='ltr'><strong>Incipit,</strong></span> <span class='ocrx_word' id='word_1_22' title='bbox 517 1376 554 1418; x_wconf 88' lang='lat' dir='ltr'>ae</span> <span class='ocrx_word' id='word_1_23' title='bbox 568 1359 684 1420; x_wconf 88' lang='lat' dir='ltr'>missae</span> <span class='ocrx_word' id='word_1_24' title='bbox 699 1366 824 1438; x_wconf 88' lang='lat' dir='ltr'>pastum</span> <span class='ocrx_word' id='word_1_25' title='bbox 841 1359 1014 1420; x_wconf 86' lang='lat' dir='ltr'>retinacula</span> <span class='ocrx_word' id='word_1_26' title='bbox 1030 1359 1135 1420; x_wconf 89' lang='lat' dir='ltr'>mulae</span> 
     </span>
     <span class='ocr_line' id='line_1_6' title="bbox 371 1456 1145 1537; baseline 0.001 -22"><span class='ocrx_word' id='word_1_27' title='bbox 371 1456 481 1517; x_wconf 89' lang='lat' dir='ltr'>Nauta</span> <span class='ocrx_word' id='word_1_28' title='bbox 495 1456 585 1536; x_wconf 90' lang='lat' dir='ltr'>piger</span> <span class='ocrx_word' id='word_1_29' title='bbox 600 1475 675 1518; x_wconf 80' lang='lat' dir='ltr'>saxo</span> <span class='ocrx_word' id='word_1_30' title='bbox 691 1456 804 1534; x_wconf 84' lang='lat' dir='ltr'>religat</span> <span class='ocrx_word' id='word_1_31' title='bbox 819 1458 989 1535; x_wconf 87' lang='lat' dir='ltr'>stertitque</span> <span class='ocrx_word' id='word_1_32' title='bbox 1004 1458 1145 1537; x_wconf 89' lang='lat' dir='ltr'>supinus.</span> 
     </span>
     <span class='ocr_line' id='line_1_7' title="bbox 372 1553 1192 1634; baseline 0.002 -22"><span class='ocrx_word' id='word_1_33' title='bbox 372 1553 504 1632; x_wconf 90' lang='lat' dir='ltr'>Iamque</span> <span class='ocrx_word' id='word_1_34' title='bbox 519 1554 587 1615; x_wconf 89' lang='lat' dir='ltr'>dies</span> <span class='ocrx_word' id='word_1_35' title='bbox 602 1556 720 1629; x_wconf 86' lang='lat' dir='ltr'>aderat,</span> <span class='ocrx_word' id='word_1_36' title='bbox 736 1554 783 1614; x_wconf 88' lang='lat' dir='ltr'>nil</span> <span class='ocrx_word' id='word_1_37' title='bbox 797 1573 867 1615; x_wconf 87' lang='lat' dir='ltr'>cum</span> <span class='ocrx_word' id='word_1_38' title='bbox 883 1554 1050 1634; x_wconf 85' lang='lat' dir='ltr'>procedere</span> <span class='ocrx_word' id='word_1_39' title='bbox 1065 1555 1192 1614; x_wconf 85' lang='lat' dir='ltr'>lintrem</span> 
     </span>
     <span class='ocr_line' id='line_1_8' title="bbox 372 1651 1102 1730; baseline 0 -18"><span class='ocrx_word' id='word_1_40' title='bbox 372 1651 546 1727; x_wconf 80' lang='lat' dir='ltr'>Sentimus3</span> <span class='ocrx_word' id='word_1_41' title='bbox 570 1651 669 1712; x_wconf 90' lang='lat' dir='ltr'>donec</span> <span class='ocrx_word' id='word_1_42' title='bbox 684 1652 864 1713; x_wconf 83' lang='lat' dir='ltr'>cerebrosus</span> <span class='ocrx_word' id='word_1_43' title='bbox 879 1652 1006 1730; x_wconf 80' lang='lat' dir='ltr'>prosilit</span> <span class='ocrx_word' id='word_1_44' title='bbox 1020 1671 1102 1712; x_wconf 91' lang='lat' dir='ltr'>unus</span> 
     </span>
     <span class='ocr_line' id='line_1_9' title="bbox 371 1748 1175 1828; baseline 0.001 -20"><span class='ocrx_word' id='word_1_45' title='bbox 371 1749 419 1808; x_wconf 82' lang='lat' dir='ltr'>Ac</span> <span class='ocrx_word' id='word_1_46' title='bbox 433 1748 537 1808; x_wconf 86' lang='lat' dir='ltr'>mulae</span> <span class='ocrx_word' id='word_1_47' title='bbox 552 1755 730 1827; x_wconf 79' lang='lat' dir='ltr'>nautaeque</span> <span class='ocrx_word' id='word_1_48' title='bbox 744 1755 841 1828; x_wconf 89' lang='lat' dir='ltr'>caput</span> <span class='ocrx_word' id='word_1_49' title='bbox 851 1748 1037 1828; x_wconf 89' lang='lat' dir='ltr'>lumbosque</span> <span class='ocrx_word' id='word_1_50' title='bbox 1052 1748 1175 1825; x_wconf 88' lang='lat' dir='ltr'>saligno</span> 
     </span>
     <span class='ocr_line' id='line_1_10' title="bbox 371 1845 1235 1924; baseline 0.001 -20"><span class='ocrx_word' id='word_1_51' title='bbox 371 1845 468 1904; x_wconf 87' lang='lat' dir='ltr'>Fuste</span> <span class='ocrx_word' id='word_1_52' title='bbox 483 1845 588 1921; x_wconf 89' lang='lat' dir='ltr'>dolat;</span> <span class='ocrx_word' id='word_1_53' title='bbox 611 1852 725 1924; x_wconf 88' lang='lat' dir='ltr'>quarta</span> <span class='ocrx_word' id='word_1_54' title='bbox 738 1847 793 1906; x_wconf 85' lang='lat' dir='ltr'>vix</span> <span class='ocrx_word' id='word_1_55' title='bbox 807 1846 934 1905; x_wconf 87' lang='lat' dir='ltr'>demum</span> <span class='ocrx_word' id='word_1_56' title='bbox 949 1846 1137 1922; x_wconf 86' lang='lat' dir='ltr'>exponimur</span> <span class='ocrx_word' id='word_1_57' title='bbox 1150 1845 1235 1905; x_wconf 80' lang='lat' dir='ltr'>hora</span> 
     </span>
     <span class='ocr_line' id='line_1_11' title="bbox 411 1940 1217 2020; baseline 0 -19"><span class='ocrx_word' id='word_1_58' title='bbox 411 1940 475 2001; x_wconf 87' lang='lat' dir='ltr'>Ora</span> <span class='ocrx_word' id='word_1_59' title='bbox 488 1960 663 2020; x_wconf 87' lang='lat' dir='ltr'>manusque</span> <span class='ocrx_word' id='word_1_60' title='bbox 678 1948 733 2001; x_wconf 91' lang='lat' dir='ltr'>tua</span> <span class='ocrx_word' id='word_1_61' title='bbox 747 1943 893 2018; x_wconf 87' lang='lat' dir='ltr'>lavimus,</span> <span class='ocrx_word' id='word_1_62' title='bbox 910 1942 1052 2017; x_wconf 82' lang='lat' dir='ltr'>Feronia,</span> <span class='ocrx_word' id='word_1_63' title='bbox 1069 1942 1217 2020; x_wconf 81' lang='lat' dir='ltr'>lympha3</span> 
     </span>
     <span class='ocr_line' id='line_1_12' title="bbox 370 2037 1168 2117; baseline 0.001 -21"><span class='ocrx_word' id='word_1_64' title='bbox 370 2037 463 2097; x_wconf 90' lang='lat' dir='ltr'>Milia</span> <span class='ocrx_word' id='word_1_65' title='bbox 477 2044 547 2097; x_wconf 89' lang='lat' dir='ltr'>tum</span> <span class='ocrx_word' id='word_1_66' title='bbox 561 2039 670 2117; x_wconf 90' lang='lat' dir='ltr'>pransi</span> <span class='ocrx_word' id='word_1_67' title='bbox 685 2039 747 2098; x_wconf 86' lang='lat' dir='ltr'>tria</span> <span class='ocrx_word' id='word_1_68' title='bbox 761 2040 900 2116; x_wconf 88' lang='lat' dir='ltr'>repimus</span> <span class='ocrx_word' id='word_1_69' title='bbox 915 2045 1010 2116; x_wconf 86' lang='lat' dir='ltr'>atque</span> <span class='ocrx_word' id='word_1_70' title='bbox 1025 2037 1168 2097; x_wconf 88' lang='lat' dir='ltr'>subimus</span> 
     </span>
     <span class='ocr_line' id='line_1_13' title="bbox 371 2120 1099 2212; baseline 0 -20"><span class='ocrx_word' id='word_1_71' title='bbox 371 2134 560 2212; x_wconf 79' lang='lat' dir='ltr'>Impositum</span> <span class='ocrx_word' id='word_1_72' title='bbox 577 2134 662 2195; x_wconf 86' lang='lat' dir='ltr'>saxis</span> <span class='ocrx_word' id='word_1_73' title='bbox 678 2134 740 2194; x_wconf 90' lang='lat' dir='ltr'>late</span> <span class='ocrx_word' id='word_1_74' title='bbox 755 2120 964 2194; x_wconf 87' lang='lat' dir='ltr'>candentibus</span> <span class='ocrx_word' id='word_1_75' title='bbox 979 2136 1099 2193; x_wconf 82' lang='lat' dir='ltr'>Anxur.</span> 
     </span>
     <span class='ocr_line' id='line_1_14' title="bbox 370 2226 1140 2308; baseline -0.003 -19"><span class='ocrx_word' id='word_1_76' title='bbox 370 2226 444 2303; x_wconf 68' lang='lat' dir='ltr'>Hae</span> <span class='ocrx_word' id='word_1_77' title='bbox 458 2237 609 2292; x_wconf 89' lang='lat' dir='ltr'>venturus</span> <span class='ocrx_word' id='word_1_78' title='bbox 626 2236 694 2291; x_wconf 89' lang='lat' dir='ltr'>erat</span> <span class='ocrx_word' id='word_1_79' title='bbox 709 2232 874 2291; x_wconf 86' lang='lat' dir='ltr'>Maecenas</span> <span class='ocrx_word' id='word_1_80' title='bbox 889 2232 1029 2308; x_wconf 89' lang='lat' dir='ltr'>optimus</span> <span class='ocrx_word' id='word_1_81' title='bbox 1044 2236 1140 2307; x_wconf 89' lang='lat' dir='ltr'>atque</span> 
     </span>
     <span class='ocr_line' id='line_1_15' title="bbox 370 2310 1080 2404; baseline -0.003 -16"><span class='ocrx_word' id='word_1_82' title='bbox 370 2310 528 2401; x_wconf 69' lang='lat' dir='ltr'>cocceius,</span> <span class='ocrx_word' id='word_1_83' title='bbox 544 2327 633 2386; x_wconf 89' lang='lat' dir='ltr'>missi</span> <span class='ocrx_word' id='word_1_84' title='bbox 649 2328 771 2402; x_wconf 86' lang='lat' dir='ltr'>maguis</span> <span class='ocrx_word' id='word_1_85' title='bbox 787 2328 934 2387; x_wconf 90' lang='lat' dir='ltr'>derebus</span> <span class='ocrx_word' id='word_1_86' title='bbox 948 2332 1080 2404; x_wconf 89' lang='lat' dir='ltr'>uterque</span> 
     </span>
     <span class='ocr_line' id='line_1_16' title="bbox 370 2421 1074 2502; baseline -0.001 -20"><span class='ocrx_word' id='word_1_87' title='bbox 370 2423 492 2499; x_wconf 85' lang='lat' dir='ltr'>Legati,</span> <span class='ocrx_word' id='word_1_88' title='bbox 507 2441 633 2483; x_wconf 88' lang='lat' dir='ltr'>aversos</span> <span class='ocrx_word' id='word_1_89' title='bbox 649 2421 735 2482; x_wconf 89' lang='lat' dir='ltr'>soliti</span> <span class='ocrx_word' id='word_1_90' title='bbox 750 2440 935 2502; x_wconf 89' lang='lat' dir='ltr'>componere</span> <span class='ocrx_word' id='word_1_91' title='bbox 950 2422 1074 2482; x_wconf 89' lang='lat' dir='ltr'>amicos.</span> 
     </span>
     <span class='ocr_line' id='line_1_17' title="bbox 369 2518 1087 2597; baseline 0.001 -19"><span class='ocrx_word' id='word_1_92' title='bbox 369 2520 433 2579; x_wconf 89' lang='lat' dir='ltr'>Hie</span> <span class='ocrx_word' id='word_1_93' title='bbox 447 2519 547 2579; x_wconf 91' lang='lat' dir='ltr'>oculis</span> <span class='ocrx_word' id='word_1_94' title='bbox 562 2538 620 2595; x_wconf 93' lang='lat' dir='ltr'>ego</span> <span class='ocrx_word' id='word_1_95' title='bbox 635 2519 726 2595; x_wconf 88' lang='lat' dir='ltr'>nigra</span> <span class='ocrx_word' id='word_1_96' title='bbox 741 2520 818 2580; x_wconf 89' lang='lat' dir='ltr'>meis</span> <span class='ocrx_word' id='word_1_97' title='bbox 833 2519 966 2597; x_wconf 82' lang='lat' dir='ltr'>collyria</span> <span class='ocrx_word' id='word_1_98' title='bbox 980 2518 1087 2597; x_wconf 86' lang='lat' dir='ltr'>lippus</span> 
     </span>
     <span class='ocr_line' id='line_1_18' title="bbox 370 2615 1125 2693; baseline -0.001 -18"><span class='ocrx_word' id='word_1_99' title='bbox 370 2615 518 2675; x_wconf 89' lang='lat' dir='ltr'>Inlinere.</span> <span class='ocrx_word' id='word_1_100' title='bbox 563 2616 690 2674; x_wconf 87' lang='lat' dir='ltr'>Interea</span> <span class='ocrx_word' id='word_1_101' title='bbox 705 2615 871 2675; x_wconf 84' lang='lat' dir='ltr'>Maecenas</span> <span class='ocrx_word' id='word_1_102' title='bbox 885 2615 1015 2675; x_wconf 88' lang='lat' dir='ltr'>advenit</span> <span class='ocrx_word' id='word_1_103' title='bbox 1029 2621 1125 2693; x_wconf 86' lang='lat' dir='ltr'>atque</span> 
     </span>
     <span class='ocr_line' id='line_1_19' title="bbox 369 2711 1213 2790; baseline -0.001 -18"><span class='ocrx_word' id='word_1_104' title='bbox 369 2711 528 2784; x_wconf 90' lang='lat' dir='ltr'>Cocceius,</span> <span class='ocrx_word' id='word_1_105' title='bbox 545 2712 720 2790; x_wconf 87' lang='lat' dir='ltr'>Capitoque</span> <span class='ocrx_word' id='word_1_106' title='bbox 735 2711 830 2772; x_wconf 91' lang='lat' dir='ltr'>simul</span> <span class='ocrx_word' id='word_1_107' title='bbox 845 2712 1006 2786; x_wconf 84' lang='lat' dir='ltr'>Fonteius,</span> <span class='ocrx_word' id='word_1_108' title='bbox 1021 2712 1062 2771; x_wconf 90' lang='lat' dir='ltr'>ad</span> <span class='ocrx_word' id='word_1_109' title='bbox 1076 2730 1213 2787; x_wconf 88' lang='lat' dir='ltr'>unguem</span> 
     </span>
     <span class='ocr_line' id='line_1_20' title="bbox 369 2808 1218 2884; baseline 0.002 -17"><span class='ocrx_word' id='word_1_110' title='bbox 369 2810 484 2869; x_wconf 82' lang='lat' dir='ltr'>Factus</span> <span class='ocrx_word' id='word_1_111' title='bbox 499 2808 601 2883; x_wconf 93' lang='lat' dir='ltr'>homo,</span> <span class='ocrx_word' id='word_1_112' title='bbox 616 2808 737 2867; x_wconf 81' lang='lat' dir='ltr'>Antoni</span> <span class='ocrx_word' id='word_1_113' title='bbox 753 2827 815 2867; x_wconf 92' lang='lat' dir='ltr'>non</span> <span class='ocrx_word' id='word_1_114' title='bbox 829 2814 866 2867; x_wconf 89' lang='lat' dir='ltr'>ut</span> <span class='ocrx_word' id='word_1_115' title='bbox 880 2808 980 2884; x_wconf 90' lang='lat' dir='ltr'>magis</span> <span class='ocrx_word' id='word_1_116' title='bbox 994 2808 1075 2867; x_wconf 90' lang='lat' dir='ltr'>alter</span> <span class='ocrx_word' id='word_1_117' title='bbox 1089 2808 1218 2869; x_wconf 83' lang='lat' dir='ltr'>amicus.</span> 
     </span>
     <span class='ocr_line' id='line_1_21' title="bbox 409 2903 1109 2982; baseline -0.001 -18"><span class='ocrx_word' id='word_1_118' title='bbox 409 2905 537 2965; x_wconf 88' lang='lat' dir='ltr'>Fundos</span> <span class='ocrx_word' id='word_1_119' title='bbox 554 2904 682 2964; x_wconf 87' lang='lat' dir='ltr'>Aufidio</span> <span class='ocrx_word' id='word_1_120' title='bbox 698 2904 800 2965; x_wconf 88' lang='lat' dir='ltr'>Lusco</span> <span class='ocrx_word' id='word_1_121' title='bbox 815 2911 958 2982; x_wconf 89' lang='lat' dir='ltr'>praetore</span> <span class='ocrx_word' id='word_1_122' title='bbox 973 2903 1109 2964; x_wconf 91' lang='lat' dir='ltr'>libenter</span> 
     </span>
     <span class='ocr_line' id='line_1_22' title="bbox 368 3001 1141 3079; baseline -0.001 -17"><span class='ocrx_word' id='word_1_123' title='bbox 368 3002 566 3079; x_wconf 91' lang='lat' dir='ltr'>Linquimus,</span> <span class='ocrx_word' id='word_1_124' title='bbox 582 3001 687 3061; x_wconf 89' lang='lat' dir='ltr'>insani</span> <span class='ocrx_word' id='word_1_125' title='bbox 703 3001 843 3061; x_wconf 88' lang='lat' dir='ltr'>ridentes</span> <span class='ocrx_word' id='word_1_126' title='bbox 857 3001 996 3079; x_wconf 91' lang='lat' dir='ltr'>praemia</span> <span class='ocrx_word' id='word_1_127' title='bbox 1011 3002 1141 3076; x_wconf 90' lang='lat' dir='ltr'>scribae,</span> 
     </span>
     <span class='ocr_line' id='line_1_23' title="bbox 367 3096 1238 3176; baseline 0 -18"><span class='ocrx_word' id='word_1_128' title='bbox 367 3100 568 3159; x_wconf 85' lang='lat' dir='ltr'>Praetextam</span> <span class='ocrx_word' id='word_1_129' title='bbox 584 3105 616 3158; x_wconf 91' lang='lat' dir='ltr'>et</span> <span class='ocrx_word' id='word_1_130' title='bbox 631 3098 732 3157; x_wconf 90' lang='lat' dir='ltr'>latum</span> <span class='ocrx_word' id='word_1_131' title='bbox 746 3097 870 3158; x_wconf 88' lang='lat' dir='ltr'>clavum</span> <span class='ocrx_word' id='word_1_132' title='bbox 885 3116 1067 3176; x_wconf 88' lang='lat' dir='ltr'>prunaeque</span> <span class='ocrx_word' id='word_1_133' title='bbox 1081 3096 1238 3158; x_wconf 83' lang='lat' dir='ltr'>vatillum</span> 
     </span>
     <span class='ocr_line' id='line_1_24' title="bbox 367 3194 1154 3270; baseline 0.003 -16"><span class='ocrx_word' id='word_1_134' title='bbox 367 3196 406 3254; x_wconf 93' lang='lat' dir='ltr'>In</span> <span class='ocrx_word' id='word_1_135' title='bbox 421 3196 656 3256; x_wconf 87' lang='lat' dir='ltr'>Mamurrarum</span> <span class='ocrx_word' id='word_1_136' title='bbox 670 3194 747 3254; x_wconf 88' lang='lat' dir='ltr'>lassi</span> <span class='ocrx_word' id='word_1_137' title='bbox 762 3194 876 3254; x_wconf 89' lang='lat' dir='ltr'>deinde</span> <span class='ocrx_word' id='word_1_138' title='bbox 891 3194 967 3254; x_wconf 90' lang='lat' dir='ltr'>urbe</span> <span class='ocrx_word' id='word_1_139' title='bbox 982 3213 1154 3270; x_wconf 89' lang='lat' dir='ltr'>manemus,</span> 
     </span>
     <span class='ocr_line' id='line_1_25' title="bbox 367 3291 1168 3370; baseline 0 -19"><span class='ocrx_word' id='word_1_140' title='bbox 367 3293 502 3352; x_wconf 89' lang='lat' dir='ltr'>Murena</span> <span class='ocrx_word' id='word_1_141' title='bbox 517 3292 686 3370; x_wconf 88' lang='lat' dir='ltr'>praebente</span> <span class='ocrx_word' id='word_1_142' title='bbox 700 3291 836 3366; x_wconf 89' lang='lat' dir='ltr'>domum,</span> <span class='ocrx_word' id='word_1_143' title='bbox 852 3291 1006 3369; x_wconf 85' lang='lat' dir='ltr'>Capitone</span> <span class='ocrx_word' id='word_1_144' title='bbox 1020 3292 1168 3352; x_wconf 92' lang='lat' dir='ltr'>culinam.</span> 
     </span>
     <span class='ocr_line' id='line_1_26' title="bbox 407 3382 1210 3467; baseline 0 -19"><span class='ocrx_word' id='word_1_145' title='bbox 407 3390 540 3450; x_wconf 89' lang='lat' dir='ltr'>Postera</span> <span class='ocrx_word' id='word_1_146' title='bbox 553 3387 609 3447; x_wconf 81' lang='lat' dir='ltr'>lux</span> <span class='ocrx_word' id='word_1_147' title='bbox 624 3388 724 3448; x_wconf 92' lang='lat' dir='ltr'>oritur</span> <span class='ocrx_word' id='word_1_148' title='bbox 735 3382 839 3447; x_wconf 58' lang='lat' dir='ltr'>&#39;multo</span> <span class='ocrx_word' id='word_1_149' title='bbox 854 3387 1052 3465; x_wconf 73' lang='lat' dir='ltr'>gratissima,</span> <span class='ocrx_word' id='word_1_150' title='bbox 1074 3405 1210 3467; x_wconf 87' lang='lat' dir='ltr'>namque</span> 
     </span>
     <span class='ocr_line' id='line_1_27' title="bbox 366 3483 1090 3563; baseline 0 -19"><span class='ocrx_word' id='word_1_151' title='bbox 366 3485 491 3546; x_wconf 89' lang='lat' dir='ltr'>Plotius</span> <span class='ocrx_word' id='word_1_152' title='bbox 506 3492 540 3545; x_wconf 87' lang='lat' dir='ltr'>et</span> <span class='ocrx_word' id='word_1_153' title='bbox 553 3486 669 3546; x_wconf 88' lang='lat' dir='ltr'>Varius</span> <span class='ocrx_word' id='word_1_154' title='bbox 685 3485 852 3545; x_wconf 86' lang='lat' dir='ltr'>Sinuessae</span> <span class='ocrx_word' id='word_1_155' title='bbox 866 3483 1090 3563; x_wconf 86' lang='lat' dir='ltr'>Vergiliusque</span> 
     </span>
     <span class='ocr_line' id='line_1_28' title="bbox 367 3581 1150 3661; baseline -0.003 -18"><span class='ocrx_word' id='word_1_156' title='bbox 367 3582 552 3655; x_wconf 89' lang='lat' dir='ltr'>Occurrunt,</span> <span class='ocrx_word' id='word_1_157' title='bbox 567 3583 700 3657; x_wconf 87' lang='lat' dir='ltr'>animae,</span> <span class='ocrx_word' id='word_1_158' title='bbox 716 3582 819 3660; x_wconf 90' lang='lat' dir='ltr'>qualis</span> <span class='ocrx_word' id='word_1_159' title='bbox 835 3600 937 3661; x_wconf 88' lang='lat' dir='ltr'>neque</span> <span class='ocrx_word' id='word_1_160' title='bbox 950 3581 1150 3641; x_wconf 85' lang='lat' dir='ltr'>candidiores</span> 
     </span>
     <span class='ocr_line' id='line_1_29' title="bbox 367 3677 1185 3758; baseline 0.001 -20"><span class='ocrx_word' id='word_1_161' title='bbox 367 3681 464 3740; x_wconf 80' lang='lat' dir='ltr'>Terra</span> <span class='ocrx_word' id='word_1_162' title='bbox 477 3678 563 3754; x_wconf 87' lang='lat' dir='ltr'>tulit,</span> <span class='ocrx_word' id='word_1_163' title='bbox 579 3698 680 3758; x_wconf 91' lang='lat' dir='ltr'>neque</span> <span class='ocrx_word' id='word_1_164' title='bbox 695 3679 766 3757; x_wconf 93' lang='lat' dir='ltr'>quis</span> <span class='ocrx_word' id='word_1_165' title='bbox 785 3698 835 3738; x_wconf 92' lang='lat' dir='ltr'>me</span> <span class='ocrx_word' id='word_1_166' title='bbox 850 3679 892 3739; x_wconf 90' lang='lat' dir='ltr'>sit</span> <span class='ocrx_word' id='word_1_167' title='bbox 907 3679 1083 3739; x_wconf 84' lang='lat' dir='ltr'>devinctior</span> <span class='ocrx_word' id='word_1_168' title='bbox 1097 3677 1185 3739; x_wconf 86' lang='lat' dir='ltr'>alter.</span> 
     </span>
     <span class='ocr_line' id='line_1_30' title="bbox 366 3775 1133 3855; baseline -0.001 -18"><span class='ocrx_word' id='word_1_169' title='bbox 366 3777 393 3837; x_wconf 91' lang='grc' dir='ltr'>Ο</span> <span class='ocrx_word' id='word_1_170' title='bbox 408 3778 463 3855; x_wconf 94' lang='lat' dir='ltr'>qui</span> <span class='ocrx_word' id='word_1_171' title='bbox 478 3776 661 3855; x_wconf 82' lang='lat' dir='ltr'>complexus</span> <span class='ocrx_word' id='word_1_172' title='bbox 676 3784 708 3837; x_wconf 89' lang='lat' dir='ltr'>et</span> <span class='ocrx_word' id='word_1_173' title='bbox 723 3777 839 3852; x_wconf 85' lang='lat' dir='ltr'>gaudia</span> <span class='ocrx_word' id='word_1_174' title='bbox 852 3782 971 3854; x_wconf 89' lang='lat' dir='ltr'>quanta</span> <span class='ocrx_word' id='word_1_175' title='bbox 985 3775 1133 3836; x_wconf 83' lang='lat' dir='ltr'>fuerunt!</span> 
     </span>
     <span class='ocr_line' id='line_1_31' title="bbox 365 3873 1081 3950; baseline -0.003 -17"><span class='ocrx_word' id='word_1_176' title='bbox 365 3873 421 3933; x_wconf 90' lang='lat' dir='ltr'>Nil</span> <span class='ocrx_word' id='word_1_177' title='bbox 437 3890 494 3950; x_wconf 91' lang='lat' dir='ltr'>ego</span> <span class='ocrx_word' id='word_1_178' title='bbox 508 3873 696 3933; x_wconf 90' lang='lat' dir='ltr'>contulerim</span> <span class='ocrx_word' id='word_1_179' title='bbox 712 3873 848 3933; x_wconf 90' lang='lat' dir='ltr'>iucundo</span> <span class='ocrx_word' id='word_1_180' title='bbox 862 3892 957 3933; x_wconf 88' lang='lat' dir='ltr'>sanus</span> <span class='ocrx_word' id='word_1_181' title='bbox 972 3873 1081 3934; x_wconf 87' lang='lat' dir='ltr'>amico.</span> 
     </span>
     <span class='ocr_line' id='line_1_32' title="bbox 365 3970 1160 4049; baseline 0 -20"><span class='ocrx_word' id='word_1_182' title='bbox 365 3972 516 4029; x_wconf 84' lang='lat' dir='ltr'>Proxima</span> <span class='ocrx_word' id='word_1_183' title='bbox 530 3970 689 4048; x_wconf 89' lang='lat' dir='ltr'>Campano</span> <span class='ocrx_word' id='word_1_184' title='bbox 703 3970 794 4049; x_wconf 92' lang='lat' dir='ltr'>ponti</span> <span class='ocrx_word' id='word_1_185' title='bbox 808 3988 888 4049; x_wconf 89' lang='lat' dir='ltr'>quae</span> <span class='ocrx_word' id='word_1_186' title='bbox 903 3970 1024 4045; x_wconf 86' lang='lat' dir='ltr'>villula,</span> <span class='ocrx_word' id='word_1_187' title='bbox 1039 3975 1160 4030; x_wconf 88' lang='lat' dir='ltr'>tectum</span> 
     </span>
     <span class='ocr_line' id='line_1_33' title="bbox 365 4066 1227 4146; baseline 0.002 -21"><span class='ocrx_word' id='word_1_188' title='bbox 365 4066 526 4142; x_wconf 90' lang='lat' dir='ltr'>Praebuit,</span> <span class='ocrx_word' id='word_1_189' title='bbox 542 4073 574 4127; x_wconf 90' lang='lat' dir='ltr'>et</span> <span class='ocrx_word' id='word_1_190' title='bbox 588 4067 717 4146; x_wconf 90' lang='lat' dir='ltr'>parochi</span> <span class='ocrx_word' id='word_1_191' title='bbox 732 4085 812 4146; x_wconf 91' lang='lat' dir='ltr'>quae</span> <span class='ocrx_word' id='word_1_192' title='bbox 826 4067 943 4129; x_wconf 89' lang='lat' dir='ltr'>debent</span> <span class='ocrx_word' id='word_1_193' title='bbox 957 4067 1045 4144; x_wconf 92' lang='lat' dir='ltr'>ligna</span> <span class='ocrx_word' id='word_1_194' title='bbox 1058 4066 1227 4145; x_wconf 91' lang='lat' dir='ltr'>salemque.</span> 
     </span>
     <span class='ocr_line' id='line_1_34' title="bbox 405 4163 1181 4243; baseline 0 -19"><span class='ocrx_word' id='word_1_195' title='bbox 405 4164 491 4224; x_wconf 89' lang='lat' dir='ltr'>Hinc</span> <span class='ocrx_word' id='word_1_196' title='bbox 507 4163 585 4223; x_wconf 90' lang='lat' dir='ltr'>muli</span> <span class='ocrx_word' id='word_1_197' title='bbox 600 4166 726 4243; x_wconf 85' lang='lat' dir='ltr'>Capuae</span> <span class='ocrx_word' id='word_1_198' title='bbox 741 4164 878 4225; x_wconf 86' lang='lat' dir='ltr'>clitellas</span> <span class='ocrx_word' id='word_1_199' title='bbox 892 4171 1035 4242; x_wconf 89' lang='lat' dir='ltr'>tempore</span> <span class='ocrx_word' id='word_1_200' title='bbox 1050 4169 1181 4242; x_wconf 83' lang='lat' dir='ltr'>ponunt</span> 
     </span>
     <span class='ocr_line' id='line_1_35' title="bbox 367 4260 1229 4339; baseline 0.002 -19"><span class='ocrx_word' id='word_1_201' title='bbox 367 4262 485 4323; x_wconf 88' lang='lat' dir='ltr'>Lusum</span> <span class='ocrx_word' id='word_1_202' title='bbox 499 4262 526 4322; x_wconf 92' lang='lat' dir='ltr'>it</span> <span class='ocrx_word' id='word_1_203' title='bbox 540 4262 716 4338; x_wconf 88' lang='lat' dir='ltr'>Maecenas,</span> <span class='ocrx_word' id='word_1_204' title='bbox 732 4262 903 4323; x_wconf 90' lang='lat' dir='ltr'>dormitum</span> <span class='ocrx_word' id='word_1_205' title='bbox 918 4280 975 4338; x_wconf 91' lang='lat' dir='ltr'>ego</span> <span class='ocrx_word' id='word_1_206' title='bbox 989 4260 1229 4339; x_wconf 86' lang='lat' dir='ltr'>Vergiliusque:</span> 
     </span>
    </p>
   </div>
   <div class='ocr_carea' id='block_1_4' title="bbox 0 0 1800 5067">
    <p class='ocr_par' dir='ltr' id='par_1_4' title="bbox 0 0 1800 5067">
     <span class='ocr_line' id='line_1_36' title="bbox 0 0 1800 5067; baseline 0 4"><span class='ocrx_word' id='word_1_207' title='bbox 0 0 1800 5067; x_wconf 95' lang='lat' dir='ltr'> </span> 
     </span>
    </p>
   </div>
  </div>
 </body>
</html>
