3592 5067
380 976 500 1043 xvim]
645 984 701 1056 .'
830 970 987 1023 ursuni

419 1149 531 1211 Coram
547 1164 619 1225 rege
633 1164 691 1206 suo
704 1145 745 1205 de
760 1148 946 1224 paupertate
960 1149 1102 1206 tacentes

377 1246 456 1308 Plus
472 1251 619 1323 poscente
633 1243 745 1304 ferent
790 1242 907 1316 Distat,
922 1260 1068 1303 sumasne
1083 1241 1239 1321 pudenter

377 1346 430 1404 An
445 1342 566 1420 rapias,
589 1333 678 1417 a'tqui
692 1357 796 1399 rerum
812 1343 908 1416 caput
922 1336 980 1398 hoc
995 1345 1071 1413 erat,
1087 1339 1139 1399 hic
1153 1338 1235 1400 fons.

307 1431 314 1449 '
378 1446 387 1478 ‘
395 1440 547 1500 Indoiata
560 1437 639 1496 mihi
654 1455 742 1497 soror
755 1442 813 1510 est,
830 1435 1023 1512 paupercula
1032 1443 1142 1511 mater,

377 1538 420 1599 Et
433 1536 553 1597 fundus
568 1553 624 1595 nec
639 1533 810 1594 vendibilis
826 1550 881 1592 nec
897 1550 1024 1609 pascere
1039 1532 1167 1594 firmus'

376 1634 437 1706 Qui
452 1633 540 1706 dicit,
555 1631 671 1692 clamat
686 1631 832 1692 ‘Victum
848 1629 941 1690 daie)
985 1630 1126 1692 Succinit
1139 1631 1221 1691 alter

376 1732 437 1791 ‘ut
452 1728 566 1789 mihit’
581 1727 712 1788 dividuo
726 1726 865 1787 findetur
880 1745 1008 1788 munere
1023 1727 1151 1805 quadra

376 1828 438 1889 Sed
452 1826 568 1887 tacitus
581 1826 669 1904 pasci
685 1825 712 1887 si
727 1830 835 1903 posset
849 1842 972 1899 corvus,
988 1824 1116 1885 haberet

374 1923 452 1984 Plus
467 1922 567 2000 dapis,
582 1930 615 1983 et
629 1922 717 1982 rixae
731 1922 833 1982 multo
847 1920 953 1981 minus
967 1922 1176 2000 invidiaeque.

415 2019 619 2080 Brundisium
634 2038 738 2081 comes
753 2026 809 2079 aut
824 2018 1010 2080 Surrentum
1025 2020 1137 2080 ductus
1152 2038 1325 2096 amoenum,

373 2117 433 2189 Qui
448 2116 590 2195 queritur
604 2117 744 2178 salebras
759 2121 792 2176 et
806 2116 953 2177 acerbum
967 2116 1070 2193 frigus
1084 2122 1117 2177 ei
1131 2117 1257 2193 imbres,

372 2216 441 2275 Aut
453 2213 565 2275 cistam
581 2215 742 2275 effractam
757 2219 790 2274 et
805 2212 959 2275 subducta
973 2213 1089 2274 viatica
1102 2213 1215 2293 plorat,

371 2313 404 2374 N
406 2318 460 2374 ota
474 2310 572 2372 refert
586 2311 760 2373 meretricis
776 2310 931 2385 acumina,
947 2330 1039 2389 saepe
1052 2310 1208 2387 catellam,

373 2410 473 2488 Saepe
487 2409 706 2488 periscelidem
722 2414 844 2486 raptam
860 2408 921 2469 sibi
936 2407 1051 2483 flentis,
1067 2408 1115 2468 uti
1129 2427 1203 2469 mox

371 2507 472 2567 Nulla
486 2505 565 2566 fides
580 2506 703 2566 damnis
719 2504 865 2583 verisque
880 2504 1041 2566 doloribus
1056 2505 1150 2566 adsit

371 2602 439 2663 Nec
453 2602 550 2664 semel
566 2603 683 2664 inrisus
699 2602 803 2663 triviis
819 2602 965 2663 attollere
979 2609 1069 2663 curat

371 2700 485 2759 Fracto
498 2716 587 2758 crure
603 2700 741 2777 planum.
784 2699 874 2759 Licet
887 2698 937 2757 illi
953 2698 1090 2776 plurima
1103 2706 1210 2760 manet

370 2793 525 2869 Lacrima,
541 2812 596 2872 per
610 2802 754 2856 sancium
769 2795 891 2855 iuratus
907 2795 992 2855 dicat
1006 2794 1134 2871 Osirim,

370 2891 524 2966 ‘Credite
540 2910 602 2951 non
617 2892 709 2968 ludo;
730 2891 882 2967 crudeles,
897 2890 1010 2967 tollite,
1025 2892 1207 2970 claudum5'

370 2988 509 3059 ‘Quaere
523 2989 741 3067 peregrinum'
756 2988 874 3049 vicinia
887 3007 982 3050 rauca
995 2989 1153 3050 reclamat

833 3277 961 3339 XVIII.

408 3436 458 3490 ΟΝ
480 3438 555 3488 Tim
578 3438 723 3490 PROPER
746 3438 953 3490 DEMEANOR
974 3438 1156 3493 Townssus
1178 3441 1206 3492 A
1227 3441 1384 3494 PATRON.

409 3586 435 3636 1.
461 3585 590 3639 occasion
602 3585 632 3639 oi
645 3587 693 3639 the
705 3585 830 3651 EpistIe:
849 3585 980 3637 Horace’s
992 3586 1083 3638 friend
1097 3587 1199 3639 Lollius
1216 3588 1352 3640 Maximus
1365 3591 1424 3655 (see

365 3660 383 3712 i.
397 3662 428 3725 2)
449 3660 502 3711 had
518 3659 655 3726 evidently
669 3662 757 3712 found
772 3676 789 3712 a
805 3661 936 3723 poweriul
954 3661 1008 3712 and
1029 3663 1226 3727 distinguished
1247 3672 1344 3728 patron
1364 3668 1424 3717 who

365 3736 390 3787 ln
401 3737 540 3788 unknown
552 3743 581 3787 to
596 3752 635 3788 us.
673 3739 730 3788 The
746 3738 932 3801 highspirlted
949 3737 1003 3789 aud
1016 3738 1237 3791 well-connected
1252 3755 1345 3806 young
1359 3757 1423 3794 man

365 3826 454 3864 seems
466 3820 495 3864 to
507 3814 574 3863 have
586 3813 670 3864 iound
683 3814 728 3864 the
740 3814 853 3864 relation
862 3816 1012 3866 somewhat
1024 3816 1122 3880 dying,
1134 3816 1188 3866 cud
1201 3817 1306 3868 Horace
1317 3834 1424 3871 assures

365 3889 421 3939 him
434 3890 495 3940 that
506 3890 540 3939 he
556 3903 606 3940 can
618 3890 693 3940 show
704 3904 721 3939 a
737 3903 834 3953 proper
845 3890 987 3943 deference
999 3892 1114 3943 without
1127 3892 1220 3958 laying
1230 3894 1339 3945 himself
1353 3909 1423 3960 open

365 3971 394 4015 ω
404 3965 451 4015 the
463 3966 560 4030 charge
573 3967 602 4017 oi
612 3967 843 4031 obsequiosisness

405 4100 433 4149 2.
459 4099 583 4152 outline:

431 4216 453 4265 1.
479 4217 525 4265 An
545 4217 682 4268 excessive
701 4216 807 4281 display
825 4217 855 4269 oi
875 4216 1075 4282 independence
1095 4220 1118 4271 is
1138 4219 1277 4285 ill-judged
1297 4222 1352 4274 and
1372 4237 1422 4273 un·

561 4306 711 4357 necessary.
748 4294 805 4344 The
821 4301 880 4344 true
895 4295 1049 4359 gentleman
1063 4294 1128 4348 does
1145 4303 1194 4348 not
1210 4297 1278 4349 need
1295 4304 1325 4348 to
1336 4299 1423 4351 vindi·

561 4375 621 4420 cate
633 4370 676 4420 his
687 4369 765 4420 claim
779 4375 808 4420 to
819 4371 866 4422 the
878 4370 945 4432 title,
960 4372 1036 4430 1-205
