3592 5067
379 832 443 897 120
775 805 1037 894 srrsvusnnure
1315 839 1436 907 [xvui

380 1014 437 1077 Vel
451 1034 544 1077 cursu
558 1034 706 1095 superare
720 1034 829 1078 canem
843 1014 894 1077 vel
910 1015 1029 1078 viribus
1043 1034 1152 1094 aprum

376 1113 492 1175 Possis.
535 1114 626 1175 Adde
642 1114 749 1175 virilia
762 1115 846 1194 quod
861 1113 1033 1192 speciosius
1048 1132 1135 1174 arma

376 1212 450 1272 Non
465 1218 514 1273 est
528 1213 583 1291 qui
597 1217 729 1289 tractet,
752 1213 823 1287 scis,
838 1229 901 1290 quo
914 1211 1048 1272 clamore
1063 1230 1194 1273 coronae

376 1310 501 1371 Proelia
515 1301 672 1372 sustineas
690 1311 895 1389 campestria;
917 1310 1053 1387 denique
1068 1327 1193 1371 saevam

376 1407 527 1468 Militiam
542 1426 620 1488 puer
633 1415 667 1469 et
680 1407 869 1469 Cantabrica
885 1407 969 1468 bella
982 1407 1086 1468 tulisti

376 1505 441 1565 Sub
455 1507 533 1566 duce
546 1507 602 1585 qui
616 1505 745 1584 templis
759 1504 947 1565 Parthorum
963 1506 1054 1582 signa
1067 1504 1173 1582 refigit

374 1603 468 1663 Nunc
483 1611 523 1678 et,
539 1605 565 1664 si
580 1604 658 1681 quid
672 1603 771 1678 abest,
787 1602 880 1663 Italis
894 1602 1055 1663 adiudicat
1069 1603 1173 1663 armis.

375 1700 422 1759 Ac
436 1707 517 1761 nete
532 1700 674 1761 retrahas
688 1706 721 1760 et
734 1700 959 1761 inexcusabilis
973 1700 1066 1775 absis,

374 1795 525 1866 Quamvis
539 1798 584 1857 nil
599 1804 691 1857 extra
705 1814 870 1856 munerum
885 1796 997 1857 fecisse
1011 1796 1202 1875 modumque

373 1893 482 1969 (lunas,
496 1893 655 1953 interdum
671 1895 800 1970 nugaris
816 1912 886 1954 rure
902 1900 1049 1971 paterno:

373 1990 516 2050 Partitur
530 1990 641 2051 lintres
657 1991 823 2064 exercitus,
839 1991 935 2050 Actia
948 2007 1053 2068 pugna

372 2087 417 2145 Te
432 2087 509 2147 duce
525 2105 579 2165 per
594 2105 707 2165 pueros
723 2085 833 2146 hostili
848 2103 934 2145 more
949 2086 1099 2160 refertum

373 2183 581 2245 Adversarius
596 2190 645 2243 est
660 2184 769 2258 frater,
784 2182 870 2242 lacus
886 2181 1017 2264 Hadria,
1031 2182 1129 2241 donec

371 2279 569 2339 Alterutrum
585 2280 677 2339 velox
693 2280 826 2339 victoria
840 2277 951 2338 fronde
965 2284 1100 2338 coronet.

371 2375 555 2437 Consentire
570 2376 636 2437 suis
651 2376 767 2436 studiis
782 2376 835 2453 qui
851 2374 1019 2435 crediderit
1034 2381 1074 2448 te,

371 2472 487 2533 Fautor
501 2480 634 2550 utroque
649 2479 739 2532 tuum
755 2471 898 2532 laudabit
913 2471 1026 2549 pollice
1040 2471 1159 2530 ludum.

411 2569 560 2630 Protinus
576 2576 611 2628 ut
626 2586 768 2629 moneam
779 2569 933 2645 -siquid
948 2566 1113 2627 monitoris
1128 2585 1200 2643 eges
1214 2573 1308 2644 tu,-

369 2665 451 2736 Quid
466 2667 505 2726 de
519 2683 643 2744 quoque
660 2667 728 2725 viro
742 2673 773 2725 et
788 2666 838 2725 cui
852 2666 949 2739 dicas,
964 2682 1057 2742 saepe
1071 2664 1186 2725 videto.

339 2750 340 2754 ¹
369 2763 621 2823 Percontatorem
637 2762 758 2838 fugit03
780 2780 852 2821 nam
868 2760 1011 2839 garrulus
1026 2762 1109 2822 idem
1124 2767 1182 2837 est,

368 2859 436 2919 Nec
450 2858 588 2920 retinent
598 2860 726 2936 patulae
740 2860 908 2920 commissa
922 2857 1059 2919 fideliter
1072 2875 1172 2933 aures,

367 2956 411 3016 Et
424 2955 520 3016 semel
536 2955 685 3015 emissum
703 2955 789 3016 volat
802 2956 1011 3015 inrevocabile
1027 2955 1164 3014 verbum.

407 3051 480 3113 Non
494 3052 610 3112 ancilla
624 3058 715 3112 tuum
731 3053 815 3112 iecur
830 3052 949 3113 ulceret
962 3050 1029 3111 ulls
1042 3069 1158 3129 puerve

367 3149 457 3209 Intra
471 3166 677 3209 marmoreum
695 3149 864 3209 venerandi
879 3148 975 3208 limen
991 3149 1093 3222 amici,

366 3245 416 3306 Ne
431 3245 576 3306 dominus
591 3246 681 3323 pueri
696 3246 821 3324 pulchri
835 3263 964 3305 caraeve
979 3245 1102 3323 puellae
1503 3320 1508 3325 ,

366 3343 498 3402 Munere
512 3349 543 3401 te
557 3360 655 3419 parvo
670 3342 741 3402 beet
754 3348 811 3402 aut
825 3340 1040 3401 incommodus
1055 3347 1159 3417 angat.
1395 3353 1425 3399 ro

406 3438 536 3509 Qualem
551 3439 760 3513 commendes,
776 3439 872 3498 etiam
887 3445 982 3515 atque
997 3439 1091 3497 etiam
1107 3439 1221 3516 aspice,
1236 3455 1276 3498 ne
1290 3456 1362 3497 mox

366 3535 529 3595 Incutiant
542 3534 646 3595 aliena
660 3535 719 3596 tibi
734 3541 862 3613 peccata
876 3533 1035 3613 pudorem.

365 3630 519 3690 Fallimur
533 3638 566 3691 et
580 3632 739 3709 quondam
754 3650 815 3691 nou
830 3631 962 3708 dignum
978 3631 1147 3691 tradimus:
1170 3649 1243 3708 ergo

364 3727 463 3798 Quem
479 3746 535 3789 sua
548 3728 642 3807 culpa
656 3736 787 3808 premet,
803 3729 953 3806 deceptus
964 3728 1075 3789 omitte
1090 3730 1182 3805 tueri,

366 3826 413 3886 Ut
426 3826 553 3903 penitus
567 3832 686 3900 notum,
702 3830 730 3885 si
746 3831 903 3903 temptent
917 3826 1058 3899 crimina,
1073 3843 1179 3886 serves
1392 3836 1423 3884 ω

365 3921 552 3999 Tuterisque
567 3929 622 3982 tuo
637 3921 787 3982 fidentem
802 3921 976 4001 praesidio:
999 3922 1054 3999 qui

365 4017 468 4078 Dente
482 4018 644 4079 Theonino
658 4038 729 4080 cum
744 4019 992 4094 circumroditur,
1007 4018 1119 4097 ecquid

365 4114 416 4175 Ad
429 4122 461 4175 te
475 4122 546 4194 post
561 4116 668 4194 paullo
684 4123 816 4176 ventura
830 4115 971 4195 pericula
985 4117 1109 4177 sentis?

364 4212 395 4273 N
397 4222 518 4281 emtus
531 4232 580 4274 res
594 4213 708 4291 agitur,
724 4214 827 4292 paries
842 4231 913 4274 cum
927 4213 1090 4292 proximus
1105 4214 1203 4289 ardet,
