3592 5067
365 887 408 951 48
789 897 995 949 suanorum

366 1070 496 1131 Ieiunus
512 1089 583 1131 raro
598 1070 777 1132 stomachus
794 1069 935 1147 volgaria
947 1070 1069 1132 temnit.

366 1168 566 1227 ‘Porrectum
582 1187 696 1245 magno
711 1186 858 1245 magnum
875 1179 1017 1246 spectare
1031 1170 1138 1231 catino

365 1264 504 1325 Vellem'
519 1266 566 1325 ait
581 1266 736 1344 Harpyiis
751 1263 825 1341 gula
839 1264 936 1341 digna
949 1268 1122 1344 rapacibus.
1165 1268 1209 1327 At
1223 1285 1287 1341 vos,
1396 1278 1427 1325 40

365 1364 552 1424 Praesentes
568 1362 689 1436 Austri,
705 1362 829 1439 coquite
844 1362 956 1422 horum
971 1364 1108 1425 obsonia
1151 1364 1344 1443 Quamquam

366 1461 462 1520 Putet
476 1479 551 1538 aper
566 1460 778 1537 rhombusque
793 1478 910 1534 recens,
925 1461 1010 1521 mala
1023 1462 1113 1539 copia
1128 1462 1252 1538 quando

366 1558 503 1636 Aegrum
520 1556 673 1617 sollicitat
688 1558 893 1632 stomachum,
910 1576 979 1618 cum
996 1558 1107 1637 rapula
1121 1559 1231 1637 plenus

369 1657 472 1733 Atque
486 1656 592 1715 acidas
608 1654 727 1714 mavolt
741 1654 853 1717 inulas.
897 1656 1040 1716 Necdum
1056 1656 1158 1717 omnis
1172 1656 1283 1717 abacta

366 1752 537 1830 Pauperies
553 1752 655 1830 epulis
671 1771 797 1829 regum;
820 1772 892 1813 nam
910 1753 1026 1814 vilibus
1041 1754 1109 1815 ovis
1397 1765 1427 1810 45

365 1849 537 1927 Nigrisque
552 1857 601 1910 est
615 1848 693 1910 oleis
708 1849 803 1909 bodie
817 1849 914 1913 locus.
957 1852 1052 1911 Haud
1068 1851 1113 1911 ita
1127 1851 1248 1929 pridem

366 1947 492 2008 Galloni
508 1948 671 2023 praeconis
688 1955 755 2007 erat
769 1947 949 2025 acipensere
965 1967 1073 2009 mensa

366 2043 510 2103 infamis.
553 2043 664 2113 Quid?
688 2049 762 2103 tunc
778 2043 925 2104 rhombos
940 2043 1046 2105 minus
1060 2062 1196 2122 aequora
1209 2042 1362 2104 alebant?

365 2141 466 2199 'lutus
481 2145 548 2199 erat
564 2139 714 2222 rhombus
729 2147 860 2217 tutoque
875 2140 996 2200 ciconia
1010 2140 1094 2214 nido,

367 2238 472 2296 Donec
488 2255 543 2297 vos
557 2242 667 2297 auctor
681 2237 789 2296 docuit
803 2237 987 2314 praetorius.
1030 2238 1114 2312 Ergo
1396 2248 1427 2294 ω

366 2333 399 2393 Si
415 2333 487 2410 quis
502 2352 585 2393 nunc
600 2352 723 2408 mergos
739 2333 844 2393 suavis
859 2332 996 2392 edixerit
1010 2351 1106 2408 assos,

367 2429 494 2489 Parebit
509 2428 598 2506 pravi
614 2428 726 2489 docilis
742 2429 884 2488 Romana
900 2428 1055 2489 iuventus.

407 2525 559 2586 Sordidus
574 2544 593 2585 a
606 2525 694 2585 tenui
711 2523 797 2584 victu
813 2525 953 2597 distabit,
969 2523 1075 2585 Ofello

367 2622 493 2695 Iudice3
515 2640 588 2681 uam
603 2622 726 2681 frustra
740 2620 852 2680 vitium
869 2621 1020 2681 vitaveris
1035 2621 1125 2697 illud,

367 2719 400 2777 Si
416 2725 447 2777 te
462 2717 524 2776 alio
540 2736 671 2795 pravum
687 2717 866 2777 detorseris.
911 2717 1096 2790 Avidienus,

366 2814 422 2876 Cui
439 2813 535 2873 Canis
549 2831 588 2872 ex
604 2831 678 2872 vero
692 2813 810 2872 dictum
828 2831 996 2889 cognomen
1012 2813 1171 2889 adhaeret,

365 2910 583 2987 Quinquennis
599 2908 684 2970 oleas
700 2916 748 2969 est
763 2914 795 2969 et
810 2908 971 2970 silvestria
985 2929 1088 2984 corna,

367 3007 413 3066 Ao
427 3006 489 3067 nisi
505 3012 662 3066 mutatum
677 3008 780 3084 parcit
795 3006 968 3066 defundere
984 3007 1102 3079 viuum,
1117 3013 1149 3067 et

366 3103 463 3164 Cuius
478 3103 603 3163 odorem
620 3102 680 3161 olei
697 3120 834 3180 nequeas
850 3102 998 3179 perferre,
1014 3101 1123 3163 licebit

367 3200 426 3259 Ille
441 3199 572 3277 repotia,
588 3198 704 3259 natalis
719 3198 838 3258 aliosve
853 3199 974 3259 dierum

367 3297 477 3356 Festos
493 3296 616 3357 albatus
632 3295 776 3371 celebret,
792 3313 888 3355 cornu
904 3296 972 3373 ipse
986 3295 1092 3357 bilibri

365 3393 516 3455 Caulibus
531 3391 677 3465 instillat,
695 3393 810 3453 veteris
826 3411 887 3452 non
904 3410 1015 3469 parcus
1030 3393 1120 3453 aceti.

365 3490 456 3561 Quali
473 3490 570 3564 igitur
584 3488 671 3548 victu
687 3488 814 3567 sapiens
829 3496 945 3564 utetur,
960 3489 1116 3549 ethorum

367 3588 481 3647 Utrum
499 3585 703 3645 imitabitur?
747 3586 817 3645 Hac
832 3592 924 3661 urget
941 3587 1043 3663 lupus,
1059 3585 1116 3646 hac
1131 3586 1227 3660 canis,
1242 3586 1339 3647 aiunt.

366 3683 505 3742 Mundus
519 3681 589 3756 erit,
605 3701 668 3759 qua
682 3703 742 3742 non
759 3683 898 3742 offendat
914 3683 1067 3756 sordibus,
1082 3691 1176 3760 atque
1395 3699 1425 3744 cc

366 3780 403 3837 ln
420 3788 562 3839 neutram
579 3789 697 3858 partem
714 3782 818 3842 cultus
833 3781 936 3841 miser.
982 3780 1043 3840 llic
1059 3798 1159 3859 neque
1173 3781 1282 3856 servis,

367 3876 479 3934 Albuci
496 3877 580 3936 senis
596 3879 749 3956 exemplo,
766 3880 838 3939 dum
855 3880 963 3939 munia
977 3867 1068 3976 ᾶΪᾱίῖ,

366 3972 483 4032 Saevus
498 3973 575 4046 erit3
601 3992 656 4035 nec
672 3975 716 4035 sic
732 3984 768 4035 ut
783 3976 917 4055 simplex
934 3978 1075 4039 Naevius
1090 3985 1214 4038 unctam

365 4068 515 4128 Convivis
531 4070 694 4147 praebebit
707 4091 836 4149 aquarn:
861 4075 971 4134 vitium
988 4075 1046 4136 hoe
1061 4096 1183 4154 quoque
1198 4096 1355 4154 magnum.

407 4166 522 4244 Accipe
538 4186 630 4240 nunc,
645 4168 748 4227 victus
763 4169 868 4229 tenuis
883 4191 963 4249 quae
978 4183 1156 4251 quantaque
1173 4193 1275 4236 secum
1394 4187 1424 4234 το

365 4264 508 4324 Adferat.
554 4264 590 4323 In
607 4264 718 4341 primis
734 4266 838 4327 valeas
854 4268 949 4346 bene;
972 4289 1043 4330 nam
1060 4273 1165 4332 variae
1180 4291 1228 4334 res
