3592 5067
289 1026 291 1029 Α
379 976 450 1043 ut]
825 971 936 1022 ursan
961 969 1007 1023 11:

376 1148 528 1226 Quisquis
542 1146 670 1206 luxuria
683 1146 809 1206 tristive
824 1146 1049 1225 superstitione

377 1249 445 1307 Aut
458 1245 521 1306 alio
536 1245 652 1304 mentis
667 1244 775 1304 morbo
789 1244 887 1319 calet;
912 1245 973 1305 huc
989 1245 1118 1324 propius
1133 1264 1193 1322 me,

377 1344 460 1404 Dum
475 1344 571 1403 doceo
586 1344 724 1403 insanire
739 1344 850 1415 omnis,
866 1361 922 1403 vos
937 1342 1046 1403 ordine
1061 1343 1154 1403 adite.

417 1441 531 1502 Danda
545 1447 594 1501 est
608 1440 738 1500 ellebori
759 1441 859 1501 multo
874 1459 946 1518 pars
963 1444 1100 1500 maxima
1113 1441 1234 1517 avaris3

375 1539 492 1600 Nescio
505 1556 546 1598 an
562 1538 749 1616 Anticyram
764 1540 844 1597 ratio
859 1538 926 1599 illis
937 1538 1076 1598 destinet
1091 1556 1223 1599 omnem.

377 1635 518 1696 Heredes
535 1635 658 1695 Staberi
674 1652 826 1694 summam
843 1636 980 1694 incidere
996 1635 1150 1713 sepulcro,

375 1734 418 1792 Ni
434 1736 478 1793 sio
495 1731 654 1805 fecissent,
670 1732 879 1809 gladiatorum
896 1732 970 1791 dare
985 1739 1110 1792 centum

375 1830 525 1890 Damnati
541 1829 657 1907 populo
672 1830 761 1906 paria
775 1838 869 1905 atque
885 1828 1014 1906 epulum
1029 1829 1161 1891 arbitrio
1175 1831 1260 1907 Arri,

375 1928 540 1986 Frumenti
555 1935 708 2003 quantum
724 1928 816 1985 metit
831 1926 951 1986 Africa.
996 1927 1088 1987 ‘Sive
1103 1946 1160 2004 ego
1175 1947 1270 2005 prave

375 2024 436 2084 Seu
451 2031 536 2083 recte
550 2023 608 2082 hoc
625 2022 719 2096 volui,
736 2040 774 2081 ne
789 2023 832 2083 sis
848 2032 979 2099 patruus
995 2024 1092 2082 mihi!
1136 2025 1245 2101 Credo,

373 2120 443 2180 Hoe
458 2121 582 2180 Staberi
599 2120 784 2198 prudentem
799 2122 939 2179 animum
956 2120 1082 2181 vidisse.
1127 2120 1226 2191 ‘Quid
1240 2141 1314 2199 ergo

373 2216 488 2292 Sensit,
504 2236 574 2277 oum
590 2235 744 2276 summam
761 2217 932 2294 patrimoni
948 2217 1125 2295 insculpere
1141 2238 1217 2284 saxo
1407 2233 1437 2279 eo

373 2315 516 2375 Heredes
532 2314 677 2374 voluit?'
719 2314 828 2384 Quoad
846 2314 936 2387 vixit,
952 2316 1087 2375 credidit
1101 2318 1213 2392 iugens

372 2411 559 2489 Pauperiem
576 2414 689 2471 vitium
705 2421 736 2471 et
751 2415 835 2471 eavit
850 2411 930 2470 nihil
947 2413 1058 2487 acrius,
1075 2420 1119 2487 ut,
1134 2413 1161 2473 si

372 2509 466 2569 Forte
481 2510 586 2569 minus
602 2509 742 2585 locuples
758 2528 819 2568 uno
835 2509 1009 2585 quadrante
1026 2511 1168 2587 perisset,

371 2605 445 2684 Ipse
462 2606 622 2666 videretur
638 2607 699 2665 sibi
715 2606 861 2682 nequior3
884 2609 987 2666 omnis
1003 2610 1086 2665 enirn
1103 2625 1161 2680 res,

370 2701 491 2776 Virtus,
508 2704 601 2774 lama,
617 2703 721 2774 decus,
737 2700 847 2761 divina
861 2702 1059 2780 humanaque
1076 2702 1216 2779 pulchris
1405 2719 1435 2765 so

370 2797 503 2857 Divitiis
519 2805 648 2876 parent;
671 2816 750 2874 quas
766 2800 819 2873 qui
834 2801 1056 2872 construxerit,
1072 2798 1126 2859 ille

369 2893 481 2956 Clarus
497 2896 567 2966 erit,
585 2894 688 2966 fortiS,
705 2896 816 2953 iustus.
862 2894 1095 2971 ‘Sapieusne?'
1139 2897 1255 2972 Etiam,
1270 2906 1304 2956 et
1318 2917 1373 2957 rex

370 2992 412 3049 Et
427 2990 579 3068 quicquid
594 2990 686 3049 volet.
732 2989 811 3061 Hoc,
828 2989 926 3056 veluti
944 2992 1059 3050 virtute
1077 3000 1230 3068 paratum,

370 3087 517 3164 Speravit
532 3105 663 3161 magnae
679 3086 764 3145 laudi
781 3085 855 3145 fore,
898 3087 982 3157 Quid
997 3088 1099 3147 simile
1115 3090 1170 3149 isti

369 3183 508 3243 Graecus
524 3185 718 3261 Aristippus,
734 3187 789 3259 qui
805 3202 912 3243 servos
928 3184 1066 3261 proicere
1081 3203 1191 3245 aurum
1392 3201 1434 3247 ιω

368 3280 406 3339 In
422 3281 527 3340 niedia
541 3281 636 3340 iussit
650 3279 762 3357 Libya,
778 3282 853 3356 quia
867 3282 989 3341 tardius
1005 3283 1088 3341 irent

368 3378 503 3455 Propter
517 3396 596 3436 onus
612 3379 749 3452 segnes?
795 3378 874 3439 Uter
889 3387 938 3437 est
953 3378 1093 3437 insanior
1108 3379 1247 3439 horum?

367 3474 423 3533 Nil
440 3474 507 3549 agit
522 3474 711 3551 exemplum,
728 3473 815 3532 litem
832 3475 916 3551 quod
931 3475 988 3534 lite
1004 3475 1141 3535 resolvit.

408 3571 442 3631 Si
457 3570 529 3647 quis
544 3578 628 3630 emat
642 3570 791 3644 citharas
807 3580 931 3650 emptas
946 3580 1121 3649 comportet
1135 3575 1168 3631 in
1185 3592 1292 3647 unum,

366 3668 396 3726 N
399 3687 433 3728 ec
449 3669 555 3728 studio
570 3668 711 3727 citharae
727 3686 782 3727 neo
797 3686 905 3728 musae
920 3669 1047 3728 deditus
1064 3667 1131 3744 ulli,
1391 3686 1432 3731 roe

367 3764 401 3824 Si
416 3765 540 3842 scalpra
554 3772 587 3823 et
602 3764 720 3825 formas
736 3784 796 3823 non
812 3775 909 3839 sutor,
925 3767 1052 3825 nautica
1068 3766 1137 3826 vela

366 3863 507 3922 Aversus
523 3862 720 3935 mercaturis,
736 3861 856 3922 delirus
871 3870 904 3921 et
918 3880 1025 3923 amens
1073 3884 1076 3890 ·

367 3959 517 4036 Undique
533 3959 657 4018 dicatur
672 3960 792 4018 merito.
836 3959 895 4029 Qui
912 3961 1070 4037 discrepat
1085 3960 1166 4036 istis,

365 4055 424 4125 Qui
439 4075 585 4116 nummos
601 4074 774 4133 aurumque
791 4056 940 4129 recondit,
957 4060 1080 4118 nescius
1096 4058 1144 4117 uti

364 4151 556 4230 Compositis
572 4162 777 4231 metuensque
793 4153 880 4213 velut
894 4155 1074 4230 contingere
1089 4158 1239 4215 sacrum?
1387 4171 1430 4217 110

364 4250 397 4310 Si
413 4251 485 4327 quis
500 4251 540 4310 ad
556 4252 716 4325 ingentem
732 4251 884 4309 frumenti
900 4269 1023 4330 semper
1037 4270 1183 4312 acervum

299 4336 300 4341 ¹
363 4346 531 4408 Porrectus
547 4345 658 4423 vigilet
669 4363 740 4407 oum
754 4347 849 4424 longo
863 4347 959 4424 fuste,
973 4367 1074 4427 neque
1089 4349 1179 4410 illino
