3592 5067
319 900 340 964 4
744 909 950 961 sunnonun

318 1083 396 1145 Cum
413 1083 483 1161 ripa
497 1083 590 1144 simul
608 1084 731 1146 avolsos
746 1083 829 1143 ferat
845 1082 980 1143 Aufidus
995 1101 1073 1142 acer.

318 1182 432 1259 Atqui
447 1181 563 1242 tantuli
579 1188 659 1259 eget,
674 1188 793 1259 quanto
808 1187 856 1241 est
871 1199 959 1259 opus,
976 1180 1002 1240 is
1019 1199 1118 1258 neqne
1133 1180 1209 1240 limo

317 1280 488 1340 Turbatam
503 1280 610 1339 haurit
624 1299 737 1357 aquam
753 1297 855 1356 neque
867 1279 965 1337 vitam
981 1279 1101 1337 amittit
1116 1278 1147 1336 in
1164 1278 1265 1338 undis.
1347 1289 1378 1336 60

357 1377 402 1436 At
417 1378 498 1436 bona
512 1395 584 1454 pars
601 1375 760 1436 hominum
777 1376 909 1453 decepta
923 1374 1071 1453 cupidine
1085 1375 1167 1436 falso

318 1474 389 1534 ‘Nil
406 1475 484 1534 satis
499 1476 564 1534 est'
580 1474 685 1551 inquit
700 1473 793 1552 ‘quia
807 1474 889 1533 tanti
905 1481 1057 1551 quantum
1074 1474 1189 1535 habeas
1205 1474 1269 1535 sis'

316 1571 397 1643 Quid
415 1571 514 1631 facias
529 1570 603 1630 illi?
645 1571 759 1631 lubeas
774 1572 923 1631 miserum
939 1591 1015 1645 esse,
1032 1571 1165 1632 libenter

315 1670 478 1739 Quatenus
493 1669 526 1729 id
541 1668 638 1745 facit5
661 1677 697 1729 nt
711 1670 841 1746 quidam
857 1676 1047 1728 memoratur
1061 1668 1197 1730 Athenis

316 1766 467 1848 Sordidus
482 1784 518 1826 ae
533 1767 631 1840 dives,
647 1766 755 1844 populi
771 1774 968 1826 contemnere
984 1784 1075 1832 voces

316 1862 368 1922 Sic
383 1862 511 1922 solitus:
535 1863 693 1939 ‘Populus
709 1882 758 1921 me
774 1863 891 1937 sibilat,
907 1870 941 1922 at
956 1863 1033 1921 mihi
1050 1862 1166 1941 plaudo

316 1959 388 2036 Ipse
405 1959 499 2032 domi,
515 1959 608 2017 simul
625 1977 660 2018 ac
675 1978 819 2019 nummos
834 1959 1029 2037 contemplor
1044 1961 1076 2018 in
1092 1962 1182 2019 area!

354 2054 508 2115 Tantalus
523 2073 541 2113 a
556 2055 652 2114 labris
668 2055 780 2115 sitiens
795 2055 952 2131 fugientia
967 2062 1074 2133 captat

315 2151 598 2221 Flumina—Quid
613 2150 722 2211 rides?
766 2152 890 2210 Mutato
906 2152 1031 2211 nomine
1047 2153 1132 2212 dete

315 2248 436 2308 Fabula
450 2253 610 2321 narratum
632 2247 790 2323 congestis
805 2248 944 2324 undique
959 2248 1058 2318 saccis

314 2344 473 2403 Indormis
488 2344 615 2403 inhians
630 2348 662 2401 et
676 2350 836 2420 tamqnam
854 2361 979 2419 parcere
994 2345 1091 2404 sacris

315 2440 442 2517 Cogeris
457 2447 512 2499 ant
527 2440 620 2516 pictis
635 2446 795 2515 tamqnam
811 2440 947 2514 gaudere
962 2440 1096 2501 tabellis.

314 2537 427 2596 Nescis
442 2553 504 2612 quo
519 2536 623 2594 valeat
638 2536 810 2595 nummus?
833 2554 925 2613 quem
941 2535 1089 2613 praebeat
1102 2538 1220 2597 usum?

315 2632 411 2693 Panis
426 2638 557 2706 ematur,
572 2631 674 2704 holus,
689 2632 756 2691 vini
773 2632 938 2705 sextarius,
953 2632 1033 2692 adde

314 2729 391 2799 Quis
406 2730 545 2789 humana
559 2728 619 2789 sibi
634 2729 741 2789 doleat
755 2735 869 2790 natura
883 2729 1014 2805 negatis.

314 2826 366 2884 An
381 2825 513 2901 vigilare
528 2832 614 2884 metu
628 2826 814 2900 exanimem,
826 2832 994 2904 noctesque
1010 2826 1140 2905 diesque

314 2922 496 2982 Formidare
512 2922 609 2981 malos
625 2922 720 2995 iures,
736 2922 889 2996 incendia,
906 2941 1021 2998 servos,

312 3020 363 3079 Ne
378 3027 410 3078 te
424 3018 596 3095 compilent
610 3019 778 3095 fugientes,
794 3019 851 3079 hoc
867 3020 985 3079 iuvat?
1028 3021 1149 3080 Horum

314 3117 442 3193 Semper
457 3134 513 3191 ego
528 3115 662 3191 optarim
678 3116 896 3193 pauperrimus
906 3135 973 3176 esse
989 3116 1148 3177 bonorum.

353 3214 399 3271 At
414 3213 440 3271 si
455 3211 618 3271 condoluit
631 3219 820 3289 temptatum
836 3213 953 3290 frigore
968 3232 1080 3291 eorpus

313 3311 380 3369 Aut
394 3310 477 3369 alins
492 3327 582 3368 casus
598 3301 679 3368 lecto
693 3316 724 3368 te
739 3309 861 3383 adfixit,
877 3309 972 3369 habes
986 3311 1040 3388 qui

313 3407 483 3480 Adsideat,¹
494 3406 635 3465 fomenta
649 3413 746 3482 paret,
764 3406 919 3465 medicum
934 3414 1029 3481 roget,
1046 3414 1082 3466 nt
1098 3413 1130 3467 te

314 3503 452 3563 Suscitet
466 3521 501 3562 ae
516 3502 627 3562 reddat
641 3502 747 3579 gnatis
762 3502 905 3579 carisque
919 3502 1131 3579 propinquis?

312 3602 384 3660 Non
401 3618 479 3659 uxor
494 3599 614 3659 salvum
631 3605 662 3658 te
677 3598 753 3673 volt,
769 3618 831 3658 non
845 3598 946 3673 iilius;
968 3618 1076 3659 omnes

312 3697 416 3757 Vicini
433 3697 575 3769 oderunt,
590 3695 666 3769 noti,
683 3696 770 3774 pueri
785 3703 880 3773 atque
896 3696 1027 3773 puellae.

313 3794 451 3864 Miraris,
467 3811 538 3851 cum
553 3797 587 3850 tu
604 3800 733 3868 argento
747 3799 819 3869 post
834 3794 940 3852 omnia
954 3811 1064 3870 ponas,

314 3891 347 3950 Si
369 3907 460 3948 nemo
481 3894 629 3965 praestet,
645 3908 737 3965 quem
757 3908 820 3948 non
835 3888 993 3964 merearis,
1008 3893 1170 3951 amorem?

313 3988 364 4045 An
379 3986 406 4046 si
421 3991 579 4061 cognatos,
595 3985 683 4045 nullo
699 3992 812 4045 natura
826 3985 932 4046 labore

312 4085 396 4155 Quos
411 4083 469 4142 tibi
486 4083 549 4156 dat,
566 4084 700 4142 retinere
714 4083 795 4144 velis
811 4102 997 4161 servareque
1012 4084 1137 4160 amicos,

313 4181 433 4240 Infelix
449 4197 574 4258 operam
591 4180 711 4256 perdas,
729 4186 763 4239 ut
779 4180 804 4240 si
820 4181 891 4257 quis
908 4180 1040 4241 asellum

314 4279 353 4338 In
368 4279 487 4356 Campo
502 4277 612 4336 doceat
627 4283 787 4356 parentem
803 4295 925 4337 currere
940 4277 1065 4339 frenis?
