3592 5067
385 1005 452 1072 nc]
836 1001 948 1051 rusus
971 999 993 1051 1.
1386 985 1448 1051 101

384 1175 418 1237 Si
433 1178 564 1255 quaeret
578 1173 655 1252 quid
668 1191 769 1250 agam,
784 1173 835 1233 dic
850 1173 951 1233 mults
965 1177 998 1232 et
1012 1172 1145 1251 pulchra
1158 1172 1334 1233 minantem

383 1274 499 1334 Vivere
513 1287 570 1330 nec
584 1276 668 1330 recte
682 1288 740 1330 nec
754 1271 912 1345 suaviter;
934 1269 1020 1328 haud
1035 1269 1110 1346 quia
1123 1269 1244 1346 grando

382 1368 571 1432 contuderit
585 1367 661 1426 vitis
676 1367 838 1444 oleamque
850 1366 1055 1426 momorderit
1069 1372 1185 1440 aestus,

380 1468 449 1528 Nec
464 1466 541 1544 quia
554 1463 736 1541 longinquis
751 1469 928 1523 armentum
943 1469 1084 1539 aegrotet
1100 1462 1134 1522 in
1149 1461 1251 1539 agris3

381 1565 443 1627 Sed
459 1563 536 1642 quia
549 1568 654 1621 mente
668 1561 772 1622 minus
788 1560 913 1621 validus
929 1578 1023 1638 quam
1039 1578 1167 1639 corpore
1181 1566 1250 1621 toto

378 1663 437 1724 Nil
452 1660 563 1723 audire
578 1659 683 1735 velim,
698 1657 745 1718 nil
761 1659 889 1734 discere,
907 1658 991 1736 quod
1006 1657 1092 1718 levet
1105 1676 1251 1735 aegrum;

296 1802 299 1807 ·
379 1760 470 1820 Fidis
485 1758 627 1819 offendar
641 1758 781 1832 medicis,
796 1757 914 1818 irascar
929 1756 1048 1831 amicis,

379 1856 444 1917 Cur
458 1874 508 1915 me
524 1856 651 1916 funesto
666 1854 834 1933 properent
849 1854 954 1914 arce're
972 1862 1100 1914 veterno
1109 1875 1118 1930 ;
1416 1864 1445 1912 10

378 1954 465 2024 Quae
480 1970 613 2013 nocuere
628 1970 748 2029 sequar,
765 1952 886 2028 fugiam
902 1970 982 2029 quae
997 1951 1122 2030 profore
1137 1949 1278 2025 credam;

378 2051 499 2110 Rornae
513 2050 612 2109 Tibur
626 2067 728 2109 amem
743 2054 902 2123 ventosus,
917 2048 1032 2108 Tibure
1048 2048 1189 2107 Romam.

418 2148 497 2232 Post
510 2146 596 2221 haec,
613 2153 649 2206 ut
664 2147 775 2220 valeat,
791 2163 854 2224 quc
868 2153 959 2224 pacto
973 2163 1036 2204 rem
1053 2149 1142 2221 gerat
1156 2152 1245 2219 etse,

378 2245 426 2307 Ut
440 2244 564 2323 placeat
578 2243 685 2303 iuveni
700 2250 892 2320 percontare,
908 2248 1005 2319 utque
1019 2240 1149 2301 cohorti.

378 2342 411 2403 Si
427 2342 513 2402 dicet
528 2342 662 2414 ‘Recta'
677 2342 815 2419 primurn
830 2340 975 2415 gaudere,
991 2338 1124 2399 subinde

377 2438 604 2516 ‘Praeceptum
618 2437 769 2498 auriculis
784 2437 843 2497 hoc
857 2435 1014 2496 instillare
1028 2440 1201 2495 memento:

377 2537 425 2597 Ut
438 2541 475 2595 tu
489 2533 659 2609 fortunam,
675 2535 720 2594 sic
737 2552 791 2594 nos
807 2542 847 2608 te,
863 2532 964 2607 Celae,
979 2532 1137 2592 feremus!

877 2790 936 2849 IX.

580 2951 606 3000 A
631 2950 774 3000 LETTER
797 2949 844 3000 OF
867 2947 1225 3002 RECOMMENDATION.

707 3084 879 3133 Anorsssnn
897 3096 933 3132 ro
950 3082 1097 3132 Trnnsrus.

414 3219 441 3267 1.
469 3216 598 3271 occasion
618 3215 648 3269 of
666 3217 713 3267 the
734 3216 856 3281 Epistle:
884 3215 1038 3278 Septimius,
1058 3220 1087 3264 to
1107 3214 1196 3264 whom
1220 3213 1297 3275 oues,
1317 3214 1381 3266 ito
1410 3216 1434 3267 is

370 3292 524 3352 eddi-essed,
538 3291 592 3342 had
606 3291 688 3342 selred
702 3292 807 3342 Horace
820 3300 848 3340 ro
861 3292 1031 3341 recommend
1044 3291 1101 3340 him
1112 3291 1156 3341 lor
1168 3303 1186 3340 a
1199 3292 1316 3353 position
1334 3305 1370 3341 on
1385 3292 1433 3342 the

369 3368 435 3419 staff
446 3369 474 3419 of
486 3369 616 3419 Tiberius
654 3369 711 3418 The
722 3369 779 3419 lact
791 3368 851 3417 that
863 3368 908 3418 tlre
920 3367 1000 3419 letter
1010 3381 1064 3419 was
1074 3366 1216 3431 published
1229 3367 1361 3419 indicates
1372 3369 1433 3418 that

369 3445 416 3496 the
428 3444 676 3494 recommendation
690 3458 744 3494 was
755 3443 910 3495 successful.

411 3562 440 3611 2.
465 3562 590 3615 outline:

437 3655 459 3704 1.
486 3654 591 3704 Horace
608 3653 667 3704 tells
682 3654 806 3704 Tiberius
823 3654 884 3704 lrow
901 3652 1063 3716 reluctantly
1078 3652 1113 3702 he
1128 3651 1242 3716 granted
1257 3653 1300 3703 his
1315 3652 1431 3703 friend’s

434 3808 458 3856 2.
483 3806 524 3855 He
537 3733 724 3855 ,egffips
730 3730 882 3867 9Septimius
894 3805 923 3854 in
934 3818 951 3855 a
962 3804 1015 3855 lew
1027 3804 1122 3866 words,
1139 3805 1229 3857 10-13.

409 3924 435 3975 3.
463 3922 559 3973 Time:
579 3936 631 3971 nc.
647 3924 687 3972 21.

406 4085 590 4163 Septimius,
606 4084 728 4161 Claudi,
745 4085 893 4145 nimirum
908 4085 1066 4163 intellegit
1080 4104 1171 4160 unus,

365 4183 481 4255 Quanti
497 4201 546 4242 me
562 4182 678 4260 facias;
700 4201 773 4242 narn
788 4201 859 4242 cum
874 4189 964 4259 rogat
978 4190 1010 4243 et
1024 4201 1115 4261 prece
1130 4182 1224 4260 cogit,

365 4279 492 4341 Scilicet
508 4287 542 4340 ut
557 4280 616 4340 tibi
632 4299 665 4341 se
680 4280 808 4341 laudare
823 4287 855 4341 et
869 4282 993 4341 tradere
1007 4298 1108 4355 coner,

363 4377 504 4454 Dignum
519 4383 624 4437 mente
638 4376 792 4455 domoque
807 4378 941 4455 legentis
956 4377 1090 4439 honesta
1103 4377 1249 4455 Neronis,
