3592 5067
381 801 444 865 140
776 813 1040 866 nrrsrunssuu

378 985 517 1063 Torquet
530 1005 614 1048 nunc
627 986 775 1067 lapidem,
791 1005 874 1047 nunc
888 986 998 1062 ingens
1013 984 1161 1046 machina
1172 983 1305 1062 tignum,

378 1083 498 1155 Tristia
511 1085 647 1147 robustis
662 1086 822 1146 luctantur
836 1086 950 1145 funera
963 1083 1122 1163 plaustris,

377 1180 448 1241 Hac
462 1182 585 1243 rabiosa
600 1184 685 1261 fugit
698 1183 794 1258 canis,
810 1182 868 1243 hac
884 1181 1042 1243 lutulenta
1056 1182 1121 1242 ruit
1135 1198 1205 1241 sus:

376 1278 393 1337 Ι
408 1297 491 1338 nuno
505 1286 537 1340 et
550 1299 662 1341 versus
676 1287 780 1341 tecum
795 1280 948 1340 meditare
963 1298 1101 1340 canoros.

377 1375 570 1455 Scriptorum
585 1378 699 1438 chorus
714 1378 817 1439 omnis
832 1384 918 1437 amat
932 1396 1042 1438 nemus
1056 1384 1089 1437 et
1104 1374 1188 1454 fugit
1202 1374 1320 1449 urbem,

376 1473 451 1533 Rite
464 1474 563 1536 cliens
579 1474 695 1536 Bacchi
710 1494 820 1535 somno
833 1476 999 1552 gaudentis
1015 1482 1047 1536 et
1061 1474 1187 1549 umhra3

375 1572 423 1629 Tu
438 1590 487 1631 me
501 1572 584 1633 inter
598 1573 752 1650 strepitus
767 1578 936 1633 nocturnos
950 1579 1045 1650 atque
1059 1572 1187 1632 diurnos

330 1680 333 1686 ·
375 1667 432 1728 Vis
447 1686 556 1729 cauere
572 1676 604 1729 et
618 1668 779 1729 contracta
792 1669 881 1747 sequi
896 1670 1033 1746 vestigia
1047 1668 1185 1728 vatum?

374 1764 551 1841 Ingenium,
566 1766 628 1828 sibi
642 1766 726 1844 quod
741 1785 855 1828 vacuas
870 1766 1048 1844 desumpsit
1063 1766 1205 1825 Athenas

374 1860 417 1920 Et
431 1862 545 1922 studiis
560 1882 659 1923 annos
674 1870 794 1941 septem
810 1864 897 1924 dedit
913 1862 1113 1940 insenuitque

373 1956 478 2018 Libris
493 1966 525 2017 et
539 1958 632 2034 curis,
648 1965 754 2019 statua
769 1960 957 2021 taciturnius
972 1960 1039 2019 exit

372 2053 562 2131 Plerumque
578 2063 610 2115 et
625 2056 691 2115 risu
707 2055 858 2133 populum
872 2056 994 2133 quatit:
1017 2054 1068 2114 hic
1083 2073 1141 2132 ego
1155 2072 1259 2114 rerum

373 2149 537 2211 Fluctibus
551 2152 585 2209 in
600 2151 714 2211 mediis
728 2159 760 2210 et
775 2151 1016 2229 tempestatibus
1031 2151 1118 2212 urbis

372 2244 475 2307 Verba
489 2247 576 2324 lyrae
591 2255 716 2307 motura
729 2266 840 2307 sonum
854 2254 1015 2307 conectere
1030 2247 1169 2324 digner?
1251 2262 1256 2273 ·

414 2343 522 2402 Frater
536 2351 604 2404 erat
619 2345 738 2403 Romae
751 2343 888 2403 consulti
905 2342 1018 2418 rhetor,
1035 2348 1070 2403 ut
1084 2344 1165 2402 alter

372 2437 514 2499 Alterius
528 2458 670 2499 sermone
685 2457 786 2501 meros
802 2440 927 2499 audiret
941 2440 1082 2515 honores,

372 2534 531 2595 Gracchus
546 2543 582 2595 ut
596 2536 648 2596 hic
662 2535 721 2611 illi,
736 2537 819 2602 foret
834 2536 908 2596 huic
922 2543 958 2596 ut
972 2536 1097 2596 Mucius
1112 2533 1177 2595 ille.

370 2630 431 2701 Qui
445 2632 550 2717 minus
564 2641 692 2708 argutos
708 2639 802 2693 vexat
815 2632 905 2693 furor
919 2634 979 2694 iste
993 2634 1129 2710 poetas?

371 2726 519 2787 Carmina
532 2746 692 2807 compono,
709 2729 760 2789 hic
775 2730 887 2806 elegos.
932 2729 1078 2789 Mirabile
1093 2729 1163 2789 visu

370 2823 595 2901 Caelatumque
610 2844 720 2885 novem
737 2826 840 2886 Musis
854 2829 950 2904 opus!
993 2826 1131 2904 Adspice
1146 2825 1291 2904 primum,

369 2920 492 2991 Quanto
507 2939 577 2981 cum
592 2923 688 2998 fastu,
704 2929 824 3000 quanto
838 2922 1000 2983 molimine
1015 2923 1132 2983 circum

369 3016 552 3094 Spectemus
568 3037 697 3079 vacuam
712 3019 864 3079 Romanis
879 3019 1004 3079 vatibus
1019 3020 1144 3094 aedem;

369 3113 444 3172 Mox
459 3115 563 3189 etiam,
580 3116 607 3175 si
622 3117 704 3175 forte
720 3133 821 3190 vacas,
837 3133 967 3193 sequere
982 3122 1014 3175 61
1029 3114 1137 3193 procul
1152 3115 1235 3190 audi,

368 3208 448 3279 Quid
464 3211 548 3271 ferat
563 3218 594 3271 61
609 3229 705 3290 quare
721 3212 782 3272 sibi
795 3218 904 3272 nectat
917 3218 1048 3290 uterque
1062 3230 1215 3273 coronam.

369 3306 535 3366 Caedimur
550 3313 582 3367 et
596 3308 728 3368 totidem
743 3309 846 3386 plagis
861 3309 1072 3369 consumimus
1087 3308 1209 3369 hostem

368 3401 470 3461 Lento
485 3403 642 3464 Samnites
657 3404 698 3464 ad
712 3404 833 3465 lumina
847 3405 950 3482 prima
964 3405 1077 3465 duello.

368 3498 503 3559 Discedo
517 3500 654 3561 Alcaeus
668 3508 785 3578 puncto
800 3500 906 3576 illius;
929 3500 983 3560 illc
996 3520 1066 3561 meo
1080 3500 1178 3579 quis?

367 3593 443 3664 Quis
458 3596 520 3656 nisi
535 3596 775 3658 Callimachus?
817 3598 850 3659 Si
867 3598 938 3675 plus
952 3598 1120 3677 adposcere
1136 3598 1232 3674 visne,
1381 3611 1426 3659 loo

367 3692 421 3750 Fit
435 3693 641 3755 Mimnermus
656 3700 689 3753 61
703 3696 812 3771 optivo
825 3695 1009 3772 cognomine
1024 3696 1145 3756 crescit.

407 3789 512 3849 Multa
525 3790 603 3866 fero,
619 3797 654 3850 ut
669 3790 790 3868 placem
805 3810 903 3867 genus
918 3792 1074 3853 irritabile
1088 3798 1207 3867 vatum,

367 3885 445 3946 Cum
460 3887 561 3947 scribo
575 3894 608 3947 et
622 3888 756 3966 supplex
771 3888 880 3966 populi
895 3888 1046 3965 suffragia
1059 3895 1168 3968 capte,

366 3982 465 4057 Idem,
481 3983 581 4045 finitis
597 3986 712 4047 studiis
727 3992 759 4045 et
774 3993 877 4045 mente
892 3992 1027 4065 recepta,

366 4080 517 4140 Obturem
533 4083 656 4160 patulas
671 4083 800 4161 impune
814 4082 993 4159 legentibus
1007 4083 1102 4144 auris.

367 4176 523 4237 Ridentur
537 4180 621 4240 mala
635 4179 689 4257 qui
704 4186 895 4259 componunt
909 4181 1048 4241 carmina
1056 4204 1064 4257 ;
1087 4199 1197 4240 verum
