3592 5067
380 936 448 1005 ui]
725 924 728 929 ’
822 939 936 990 nrnnn
959 938 1018 991 u·

378 1109 491 1171 Lautis
505 1128 597 1171 mane
611 1128 708 1172 senex
722 1106 869 1175 manibus
884 1114 1029 1175 currebat
1043 1121 1076 1174 et
1091 1120 1209 1174 ‘unum
1220 1148 1261 1160 -

377 1208 460 1280 Quid
475 1215 540 1269 tam
556 1227 705 1287 magnum
715 1209 750 1268 ?'
772 1209 960 1273 addens-‘
969 1232 1065 1272 unum
1080 1230 1131 1272 me
1146 1211 1267 1289 surpite
1281 1211 1393 1287 morti3

377 1305 436 1366 Dis
451 1307 570 1367 etenim
584 1306 679 1367 facile
694 1308 762 1368 est'
776 1309 904 1385 orabat3
927 1329 1022 1371 sanus
1037 1310 1180 1387 utrisque

376 1404 517 1465 Auribus
532 1411 628 1484 atque
643 1404 758 1481 oculis,
782 1415 930 1483 mentem,
945 1408 1009 1468 nisi
1024 1406 1193 1484 litigiosus,
1396 1416 1441 1464 28⁶

376 1501 547 1581 Exciperet
561 1504 716 1578 dominus,
732 1522 801 1565 cum
818 1505 977 1566 venderet.
1020 1506 1091 1565 Hoc
1102 1521 1226 1582 quoque
1240 1501 1352 1579 volgus

377 1599 576 1680 Chrysippus
591 1600 682 1680 ponit
693 1601 831 1663 fecunda
846 1602 879 1662 in
895 1610 989 1681 gente
1003 1601 1140 1663 Meneni.

417 1699 592 1778 ‘Iuppiter,
609 1699 747 1776 ingentis
762 1701 818 1779 qui
833 1701 890 1760 das
906 1701 1084 1778 adimisque
1100 1698 1243 1771 dolores‚'

375 1795 480 1856 Mater
493 1796 540 1856 ait
555 1798 644 1875 pueri
660 1815 783 1857 menses
800 1798 863 1857 iam
878 1798 1019 1876 quinque
1034 1796 1188 1871 cubantis,

376 1892 525 1968 ‘Frigida
538 1894 566 1954 si
582 1912 714 1971 puerum
730 1902 886 1971 quartana
901 1894 1076 1972 reliquerit,
1092 1892 1149 1954 illo

375 1990 470 2049 Mane
485 1989 545 2064 die,
562 1996 674 2067 quotu
690 1991 805 2052 indicis
820 1992 949 2066 ieiunia,
965 1992 1067 2053 nudus

375 2086 414 2145 Iu
429 2086 536 2147 Tiberi
552 2087 669 2146 stabit’
712 2087 811 2148 Casus
827 2088 1008 2148 medicusve
1023 2088 1135 2149 levarit

374 2184 513 2260 Aegrum
529 2203 568 2243 ex
582 2183 749 2262 praecipiti
761 2208 768 2259 ;
791 2193 893 2244 mater
908 2185 1010 2244 delira
1024 2184 1148 2245 necabit

374 2281 414 2340 In
428 2280 534 2358 gelida
548 2280 646 2340 fixum
661 2282 732 2358 ripa
746 2280 925 2359 febrimque
940 2282 1075 2341 reducet.

373 2377 480 2449 Quoue
497 2378 579 2437 rnalo
593 2386 730 2438 mentem
747 2380 926 2439 concussa?
968 2378 1093 2437 Timore
1108 2378 1268 2438 deorum.''

414 2475 503 2535 Haec
517 2476 596 2535 mihi
612 2474 793 2547 Stertinius,
811 2474 990 2552 sapientum
1005 2483 1144 2549 octavus,
1160 2476 1261 2536 amico

373 2572 473 2631 Arma
486 2571 585 2645 dedit,
601 2571 733 2649 posthac
749 2589 787 2629 ue
802 2570 1009 2648 compellerer
1025 2571 1154 2632 inultus.

373 2668 500 2729 Dixerit
515 2669 660 2727 insanum
676 2668 731 2743 qui
748 2685 807 2740 me,
822 2667 957 2726 totidem
972 2668 1080 2726 audiet
1093 2674 1189 2743 atque

372 2764 541 2841 Respicere
557 2764 664 2839 ignoto
678 2762 781 2822 discet
797 2763 970 2839 pendentia
983 2769 1079 2837 tergo.

412 2862 454 2921 Η.
479 2861 592 2932 Stoice,
608 2865 681 2936 post
695 2858 846 2918 damnum
861 2859 907 2918 sic
922 2859 1041 2918 vendas
1056 2860 1163 2918 omnia
1176 2858 1287 2937 pluris,

307 2965 317 2987 ³
373 2955 442 3027 Qua
463 2976 513 3018 me
532 2958 682 3029 stultitia,
700 2955 849 3032 quoniam
865 2974 928 3014 non
943 2961 993 3015 est
1008 2973 1107 3031 genus
1122 2974 1229 3030 unum,

371 3052 515 3113 insanire
531 3052 652 3130 putas?
674 3069 732 3125 ego
747 3070 820 3110 nam
837 3052 945 3110 videor
961 3052 1039 3110 mihi
1055 3054 1166 3111 sanus(

371 3150 409 3208 D.
431 3149 516 3220 Quid
530 3155 626 3227 caput
641 3148 798 3207 abscisum
814 3148 944 3207 demens
960 3167 1030 3207 cum
1046 3155 1151 3226 portat
1164 3149 1274 3225 Agave

371 3246 467 3306 Gnati
483 3245 630 3319 infelicis,
647 3244 707 3305 sibi
724 3251 801 3304 tunc
816 3245 939 3304 furiosa
954 3246 1106 3306 videtur?

370 3344 411 3402 H.
435 3342 574 3402 Stultum
589 3361 639 3402 me
654 3342 914 3421 fateor-liceat,
926 3343 1094 3402 concedere
1110 3341 1242 3403 veris-

368 3440 475 3517 Atque
489 3442 586 3499 etiarn
602 3440 766 3514 insanum
789 3445 914 3499 tantum
929 3439 989 3499 hoc
1003 3439 1149 3513 edissere,
1165 3458 1227 3517 quo
1242 3459 1292 3500 me

368 3537 541 3613 Aegrotare
555 3545 647 3614 putes
662 3536 761 3596 animi
777 3536 865 3596 vitio.
910 3538 949 3597 D.
974 3537 1106 3613 Accipe:
1130 3536 1267 3615 primum

367 3633 535 3710 Aedificas,
550 3635 609 3695 hoc
624 3642 682 3709 est,
699 3634 809 3711 longos
825 3634 971 3708 imitaris,
987 3634 1026 3694 ab
1041 3634 1106 3693 imo

368 3732 419 3793 Ad
434 3752 590 3793 summum
605 3738 692 3793 totus
707 3732 827 3791 rnoduli
843 3731 1009 3810 bipedalis,
1025 3738 1057 3790 et
1072 3730 1156 3790 idem

367 3829 502 3909 Corpore
517 3832 664 3891 maiorem
681 3830 765 3890 rides
779 3830 937 3890 Turbonis
952 3829 985 3887 in
1000 3827 1096 3888 armis

366 3928 520 4007 Spiritum
535 3937 567 3989 ct
581 3931 756 3989 incessum:
780 3929 833 4005 qui
851 3927 1003 3988 ridiculus
1018 3927 1123 3986 minus
1138 3926 1221 3986 illo?

365 4026 417 4085 An
433 4026 650 4104 quodcumque
666 4026 745 4085 facit
759 4027 934 4100 Maecenas,
951 4030 983 4084 te
997 4042 1121 4101 quoque
1138 4042 1242 4083 verum
1259 4031 1308 4085 est

325 4188 326 4192 ,
365 4123 501 4184 Tantum
517 4122 704 4185 dissimilem
721 4128 752 4182 et
768 4128 856 4182 tanto
871 4129 991 4182 certare
1006 4122 1186 4181 minorem?

364 4220 516 4282 Absentis
530 4240 624 4281 ranae
639 4219 738 4299 pullis
755 4220 849 4278 vituli
865 4221 943 4297 pede
958 4220 1084 4297 pressis,

366 4318 458 4380 Unus
472 4318 527 4380 ubi
542 4319 664 4396 effugit,
679 4317 775 4378 matri
789 4318 947 4392 denarrat,
963 4323 999 4376 ut
1014 4317 1126 4393 ingens
1382 4330 1428 4378 clo
