3592 5067
380 946 499 1014 xvnu]
833 943 945 995 LIBER
968 941 991 995 Ι.

378 1120 428 1182 Sit
442 1119 521 1179 mihi
537 1117 639 1196 prima
652 1116 730 1179 fides
745 1123 787 1193 et,
803 1135 876 1178 vere
891 1117 976 1195 quod
990 1116 1102 1196 placet,
1116 1123 1154 1178 ut
1168 1138 1231 1180 non

377 1217 504 1278 Acriter
518 1216 658 1291 elatrem,
674 1215 810 1293 pretium
825 1221 914 1276 aetas
929 1214 1029 1276 altera
1043 1216 1170 1276 sordet!

378 1307 560 1391 Ambigitur
574 1314 651 1392 quid
666 1313 780 1372 enim?
822 1313 934 1375 Castor
949 1313 1029 1374 sciat
1042 1331 1082 1373 an
1098 1313 1219 1376 Docilis
1233 1314 1324 1393 plus;

378 1411 583 1472 Brundisium
599 1410 719 1471 Minuci
737 1410 850 1471 melius
866 1411 919 1470 via
932 1410 1026 1471 ducat
1040 1428 1080 1469 an
1095 1411 1188 1489 Appi.

416 1509 517 1580 Quem
532 1492 684 1568 damnosa
698 1508 816 1582 Venus,
832 1526 925 1585 quem
942 1525 1089 1586 praeceps
1104 1507 1174 1568 alca
1187 1508 1297 1585 nudat,

291 1625 296 1634 ·
376 1606 488 1668 Gloria
502 1624 594 1684 quem
610 1623 706 1683 supra
721 1604 803 1666 vires
818 1611 851 1665 et
866 1605 964 1666 vestit
977 1612 1010 1666 et
1023 1605 1145 1682 unguit,

376 1702 474 1773 Quem
490 1708 578 1763 tenet
591 1701 714 1779 argenti
730 1701 801 1764 sitis
817 1702 999 1779 importuna
1014 1702 1185 1780 famesque,

375 1799 474 1871 Quem
490 1799 685 1879 paupertatis
700 1799 801 1878 pudor
816 1806 848 1859 et
863 1799 948 1876 fuga,
963 1800 1052 1860 dives
1066 1800 1197 1876 amicus,

377 1895 476 1975 Saepe
491 1897 597 1957 decern
612 1895 700 1960 uitiis
716 1896 909 1970 instructior,
926 1896 994 1957 odit
1008 1903 1040 1957 et
1054 1897 1170 1973 horret,

374 1994 451 2068 Aut,
466 1993 494 2054 si
509 2012 572 2053 non
586 1994 663 2068 odit,
678 1993 760 2070 regit
775 2012 811 2054 ac
826 1993 926 2053 veluti
940 1993 993 2071 pia
1007 1999 1107 2054 mater

375 2089 453 2151 Plus
468 2110 562 2168 quam
578 2109 611 2152 se
626 2108 735 2174 sapere
750 2097 782 2150 et
797 2090 970 2151 virtutibus
985 2108 1053 2151 esse
1068 2090 1204 2169 priorem

374 2187 451 2249 Vult
465 2195 497 2248 et
511 2188 556 2249 ait
571 2207 667 2266 prope
683 2206 769 2248 vera:
793 2188 903 2248 ‘Meae
912 2224 953 2233 —
962 2187 1149 2248 contendere
1163 2187 1278 2248 noli—

375 2285 552 2347 Stultitiam
569 2286 734 2364 patiuntur
748 2303 839 2364 opes3
863 2286 921 2346 tibi
938 2285 1067 2363 parvola
1081 2304 1129 2347 res
1144 2292 1201 2347 est.

374 2384 456 2445 Arta
469 2383 560 2444 decet
574 2402 684 2444 sanum
700 2383 844 2444 comitem
861 2389 951 2459 toga;
973 2384 1081 2443 desine
1096 2400 1217 2442 mecum

373 2481 521 2542 Cartare!
564 2480 755 2558 Eutrapelus
770 2481 956 2558 cuicumque
970 2498 1080 2541 nocere
1095 2479 1220 2540 volebat

372 2578 571 2639 Vestimenta
585 2578 680 2638 dabat
694 2577 848 2656 pretiosa:
872 2578 1007 2638 ‘Beatus
1022 2577 1106 2636 enirn
1120 2578 1183 2636 iam

372 2674 452 2736 Cum
468 2673 608 2752 pulchris
624 2673 740 2735 tunicis
756 2680 859 2734 sumet
873 2692 956 2733 nova
969 2673 1102 2733 consilia
1115 2680 1147 2733 et
1162 2691 1243 2752 spes,

372 2770 517 2830 Dormiat
532 2771 564 2829 in
579 2770 690 2844 lucem,
706 2776 809 2831 scorto
825 2778 993 2848 postponet
1006 2770 1173 2830 honestum

371 2864 526 2939 Officium,
542 2885 686 2926 nummos
701 2866 822 2926 alienos
836 2871 952 2944 pascet,
968 2866 1006 2925 ad
1022 2866 1117 2925 imum

289 2963 292 2968 ’
370 2961 496 3023 Thraex
511 2962 572 3023 erit
586 2971 641 3023 aut
656 2962 801 3023 holitoris
815 2970 887 3039 aget
902 2963 1043 3022 mercede
1057 2963 1233 3024 caballum!

410 3061 571 3120 Arcanum
585 3076 687 3137 neque
702 3065 737 3120 tu
752 3058 942 3118 scrutaberis
957 3058 1044 3118 illius
1059 3078 1218 3136 umquam,

370 3155 642 3233 Commissumque
656 3162 745 3232 teges
759 3162 792 3215 et
806 3156 881 3215 vino
895 3161 997 3216 tortus
1011 3162 1044 3215 et
1058 3155 1112 3216 ira

369 3254 438 3315 Neo
451 3260 508 3313 tua
521 3253 665 3314 laudabis
680 3252 787 3314 studia
801 3258 857 3312 aut
871 3252 976 3312 aliena
990 3253 1166 3331 reprendes,

367 3350 400 3410 N
401 3369 446 3426 ec,
461 3369 531 3410 curn
548 3350 656 3410 venari
672 3350 757 3410 volet
771 3349 836 3423 ille,
852 3356 997 3426 poemata
1012 3368 1137 3427 pangas.

369 3447 481 3508 Gratia
495 3448 540 3509 sic
555 3448 689 3508 fratrum
705 3446 910 3523 geminorum,
927 3446 1117 3525 Amphionis
1132 3451 1226 3525 atque

369 3544 469 3619 Zethi,
485 3544 635 3618 dissiluit,
650 3544 748 3604 donec
763 3550 911 3621 suspecta
925 3561 1033 3603 severo

367 3640 528 3702 Conticuit
542 3642 620 3720 lyra.
664 3642 827 3701 Fraternis
842 3641 973 3702 cessisse
990 3646 1119 3718 putatur

310 3817 314 3822 .
366 3738 511 3799 Moribus
525 3738 699 3817 Amphion:
722 3744 758 3798 tu
772 3738 847 3797 cede
863 3739 1002 3815 potentis
1017 3737 1110 3798 amici

341 3902 344 3906 ,
366 3835 504 3895 Lenibus
519 3835 669 3913 imperiis,
685 3834 890 3913 quotiensque
906 3835 1018 3895 educet
1031 3835 1064 3893 in
1079 3852 1170 3911 agros

366 3931 489 3993 Aetolis
504 3940 631 3992 onerata
646 3931 749 4010 plagis
764 3931 905 3992 iumenta
919 3949 1082 4010 canesque,

365 4028 464 4107 Surge
475 4038 510 4090 et
526 4030 713 4090 inhumanae
730 4030 850 4089 senium
867 4030 988 4106 depone
1004 4029 1167 4103 Camenae,

364 4124 464 4186 Cenes
480 4133 515 4187 ut
530 4127 648 4205 pariter
662 4128 827 4203 pulmenta
841 4126 999 4187 laboribus
1014 4133 1135 4204 empta3

364 4222 516 4284 Romanis
532 4224 681 4284 sollemne
696 4224 773 4283 viris
788 4242 875 4301 opus,
892 4224 970 4284 utile
984 4225 1088 4284 famae

363 4319 519 4399 Vitaeque
534 4328 566 4382 et
580 4322 738 4396 membris,
754 4321 939 4400 praesertim
955 4339 1024 4381 curn
1041 4321 1145 4383 valeas
1160 4328 1194 4384 et
1390 4335 1421 4383 ω
