<?xml version="1.0" encoding="UTF-8"?>
<!DOCTYPE html PUBLIC "-//W3C//DTD XHTML 1.0 Transitional//EN"
    "http://www.w3.org/TR/xhtml1/DTD/xhtml1-transitional.dtd">
<html xmlns="http://www.w3.org/1999/xhtml" xml:lang="en" lang="en">
 <head>
  <title>
</title>
<meta http-equiv="Content-Type" content="text/html;charset=utf-8" />
  <meta name='ocr-system' content='tesseract 3.04.00' />
  <meta name='ocr-capabilities' content='ocr_page ocr_carea ocr_par ocr_line ocrx_word'/>
</head>
<body>
  <div class='ocr_page' id='page_1' title='image "./qhoratiflaccise00rolfgoog_0070.png"; bbox 0 0 3592 5067; ppageno 0'>
   <div class='ocr_carea' id='block_1_1' title="bbox 393 886 1027 963">
    <p class='ocr_par' dir='ltr' id='par_1_1' title="bbox 393 886 1027 963">
     <span class='ocr_line' id='line_1_1' title="bbox 393 886 1027 963; baseline -0.006 -22"><span class='ocrx_word' id='word_1_1' title='bbox 393 886 435 949; x_wconf 79' lang='lat'>12</span> <span class='ocrx_word' id='word_1_2' title='bbox 643 959 645 963; x_wconf 41' lang='lat'>.</span> <span class='ocrx_word' id='word_1_3' title='bbox 821 886 1027 941; x_wconf 75' lang='lat' dir='ltr'>sannionum</span> 
     </span>
    </p>
   </div>
   <div class='ocr_carea' id='block_1_2' title="bbox 325 1060 1452 4331">
    <p class='ocr_par' dir='ltr' id='par_1_2' title="bbox 325 1060 1452 2684">
     <span class='ocr_line' id='line_1_2' title="bbox 433 1060 1212 1140; baseline -0.005 -17"><span class='ocrx_word' id='word_1_4' title='bbox 433 1064 516 1123; x_wconf 92' lang='lat' dir='ltr'>Illuc</span> <span class='ocrx_word' id='word_1_5' title='bbox 532 1070 783 1140; x_wconf 77' lang='lat' dir='ltr'>praevertemur:</span> <span class='ocrx_word' id='word_1_6' title='bbox 807 1066 978 1119; x_wconf 80' lang='lat' dir='ltr'>amatorem</span> <span class='ocrx_word' id='word_1_7' title='bbox 994 1060 1076 1136; x_wconf 92' lang='lat' dir='ltr'>quod</span> <span class='ocrx_word' id='word_1_8' title='bbox 1093 1060 1212 1119; x_wconf 84' lang='lat' dir='ltr'>amicae</span> 
     </span>
     <span class='ocr_line' id='line_1_3' title="bbox 367 1155 1291 1238; baseline -0.005 -18"><span class='ocrx_word' id='word_1_9' title='bbox 367 1228 372 1235; x_wconf 53' lang='grc'><em>,</em></span> <span class='ocrx_word' id='word_1_10' title='bbox 390 1161 517 1238; x_wconf 82' lang='lat' dir='ltr'>Turpia.</span> <span class='ocrx_word' id='word_1_11' title='bbox 525 1160 688 1235; x_wconf 87' lang='lat' dir='ltr'>decipiunt</span> <span class='ocrx_word' id='word_1_12' title='bbox 704 1176 839 1231; x_wconf 87' lang='lat' dir='ltr'>caecum,</span> <span class='ocrx_word' id='word_1_13' title='bbox 855 1156 936 1215; x_wconf 84' lang='lat' dir='ltr'>vitia</span> <span class='ocrx_word' id='word_1_14' title='bbox 950 1163 1005 1214; x_wconf 90' lang='lat' dir='ltr'>aut</span> <span class='ocrx_word' id='word_1_15' title='bbox 1020 1157 1114 1215; x_wconf 85' lang='lat' dir='ltr'>etiarn</span> <span class='ocrx_word' id='word_1_16' title='bbox 1130 1156 1201 1233; x_wconf 86' lang='lat' dir='ltr'>ipsa</span> <span class='ocrx_word' id='word_1_17' title='bbox 1215 1155 1291 1215; x_wconf 91' lang='lat' dir='ltr'>haec</span> 
     </span>
     <span class='ocr_line' id='line_1_4' title="bbox 325 1254 1452 1330; baseline 0 -19"><span class='ocrx_word' id='word_1_18' title='bbox 325 1307 327 1311; x_wconf 45' lang='lat'>.</span> <span class='ocrx_word' id='word_1_19' title='bbox 391 1256 569 1329; x_wconf 75' lang='lat' dir='ltr'>Delectant,</span> <span class='ocrx_word' id='word_1_20' title='bbox 587 1255 685 1314; x_wconf 86' lang='lat' dir='ltr'>veluti</span> <span class='ocrx_word' id='word_1_21' title='bbox 702 1254 870 1313; x_wconf 85' lang='lat' dir='ltr'>Balbinum</span> <span class='ocrx_word' id='word_1_22' title='bbox 886 1254 1022 1330; x_wconf 85' lang='lat' dir='ltr'>polypus</span> <span class='ocrx_word' id='word_1_23' title='bbox 1038 1254 1178 1327; x_wconf 82' lang='lat' dir='ltr'>Hagnae.</span> <span class='ocrx_word' id='word_1_24' title='bbox 1421 1263 1452 1311; x_wconf 86' lang='lat'>40</span> 
     </span>
     <span class='ocr_line' id='line_1_5' title="bbox 360 1348 1089 1412; baseline -0.007 0"><span class='ocrx_word' id='word_1_25' title='bbox 360 1358 369 1376; x_wconf 62' lang='lat'>⁸</span> <span class='ocrx_word' id='word_1_26' title='bbox 390 1351 513 1412; x_wconf 90' lang='lat' dir='ltr'>Vellem</span> <span class='ocrx_word' id='word_1_27' title='bbox 528 1364 562 1410; x_wconf 74' lang='grc' dir='ltr'>’.η</span> <span class='ocrx_word' id='word_1_28' title='bbox 578 1351 720 1410; x_wconf 85' lang='lat' dir='ltr'>amicitia</span> <span class='ocrx_word' id='word_1_29' title='bbox 735 1351 780 1410; x_wconf 89' lang='lat' dir='ltr'>sic</span> <span class='ocrx_word' id='word_1_30' title='bbox 795 1369 969 1410; x_wconf 86' lang='lat' dir='ltr'>erraremus</span> <span class='ocrx_word' id='word_1_31' title='bbox 985 1356 1017 1408; x_wconf 91' lang='lat' dir='ltr'>et</span> <span class='ocrx_word' id='word_1_32' title='bbox 1034 1348 1089 1410; x_wconf 88' lang='lat' dir='ltr'>isti</span> 
     </span>
     <span class='ocr_line' id='line_1_6' title="bbox 390 1446 1108 1524; baseline -0.006 -16"><span class='ocrx_word' id='word_1_33' title='bbox 390 1449 499 1509; x_wconf 87' lang='lat' dir='ltr'>Errori</span> <span class='ocrx_word' id='word_1_34' title='bbox 514 1456 627 1508; x_wconf 86' lang='lat' dir='ltr'>nomen</span> <span class='ocrx_word' id='word_1_35' title='bbox 641 1447 744 1507; x_wconf 87' lang='lat' dir='ltr'>virtus</span> <span class='ocrx_word' id='word_1_36' title='bbox 759 1448 918 1524; x_wconf 85' lang='lat' dir='ltr'>posuisset</span> <span class='ocrx_word' id='word_1_37' title='bbox 933 1446 1108 1506; x_wconf 90' lang='lat' dir='ltr'>honestum.</span> 
     </span>
     <span class='ocr_line' id='line_1_7' title="bbox 390 1543 1109 1623; baseline -0.004 -17"><span class='ocrx_word' id='word_1_38' title='bbox 390 1547 439 1606; x_wconf 86' lang='lat' dir='ltr'>Ac</span> <span class='ocrx_word' id='word_1_39' title='bbox 453 1551 543 1623; x_wconf 89' lang='lat' dir='ltr'>pater</span> <span class='ocrx_word' id='word_1_40' title='bbox 556 1552 593 1603; x_wconf 92' lang='lat' dir='ltr'>ut</span> <span class='ocrx_word' id='word_1_41' title='bbox 607 1544 705 1620; x_wconf 86' lang='lat' dir='ltr'>gnati,</span> <span class='ocrx_word' id='word_1_42' title='bbox 722 1543 767 1603; x_wconf 87' lang='lat' dir='ltr'>sic</span> <span class='ocrx_word' id='word_1_43' title='bbox 781 1563 838 1603; x_wconf 91' lang='lat' dir='ltr'>nos</span> <span class='ocrx_word' id='word_1_44' title='bbox 853 1544 1002 1604; x_wconf 85' lang='lat' dir='ltr'>debemus</span> <span class='ocrx_word' id='word_1_45' title='bbox 1017 1543 1109 1603; x_wconf 89' lang='lat' dir='ltr'>amici</span> 
     </span>
     <span class='ocr_line' id='line_1_8' title="bbox 392 1640 1200 1719; baseline -0.005 -16"><span class='ocrx_word' id='word_1_46' title='bbox 392 1643 425 1703; x_wconf 85' lang='lat' dir='ltr'>Si</span> <span class='ocrx_word' id='word_1_47' title='bbox 440 1641 524 1719; x_wconf 91' lang='lat' dir='ltr'>quod</span> <span class='ocrx_word' id='word_1_48' title='bbox 539 1642 581 1702; x_wconf 87' lang='lat' dir='ltr'>sit</span> <span class='ocrx_word' id='word_1_49' title='bbox 596 1641 721 1715; x_wconf 81' lang='lat' dir='ltr'>vitium,</span> <span class='ocrx_word' id='word_1_50' title='bbox 736 1661 800 1701; x_wconf 90' lang='lat' dir='ltr'>non</span> <span class='ocrx_word' id='word_1_51' title='bbox 815 1642 970 1702; x_wconf 84' lang='lat' dir='ltr'>fastidire.</span> <span class='ocrx_word' id='word_1_52' title='bbox 1014 1640 1200 1701; x_wconf 81' lang='lat' dir='ltr'>Strabonem</span> 
     </span>
     <span class='ocr_line' id='line_1_9' title="bbox 390 1738 1223 1817; baseline 0 -19"><span class='ocrx_word' id='word_1_53' title='bbox 390 1739 543 1817; x_wconf 84' lang='lat' dir='ltr'>Appellat</span> <span class='ocrx_word' id='word_1_54' title='bbox 557 1745 685 1816; x_wconf 87' lang='lat' dir='ltr'>paetum</span> <span class='ocrx_word' id='word_1_55' title='bbox 701 1746 799 1815; x_wconf 88' lang='lat' dir='ltr'>pater,</span> <span class='ocrx_word' id='word_1_56' title='bbox 815 1746 848 1797; x_wconf 87' lang='lat' dir='ltr'>et</span> <span class='ocrx_word' id='word_1_57' title='bbox 863 1738 994 1816; x_wconf 90' lang='lat' dir='ltr'>pullum,</span> <span class='ocrx_word' id='word_1_58' title='bbox 1011 1739 1091 1798; x_wconf 89' lang='lat' dir='ltr'>male</span> <span class='ocrx_word' id='word_1_59' title='bbox 1107 1757 1223 1816; x_wconf 89' lang='lat' dir='ltr'>parvus</span> 
     </span>
     <span class='ocr_line' id='line_1_10' title="bbox 391 1833 1061 1907; baseline -0.003 -12"><span class='ocrx_word' id='word_1_60' title='bbox 391 1837 424 1895; x_wconf 84' lang='lat' dir='ltr'>si</span> <span class='ocrx_word' id='word_1_61' title='bbox 440 1836 490 1894; x_wconf 91' lang='lat' dir='ltr'>cui</span> <span class='ocrx_word' id='word_1_62' title='bbox 506 1833 591 1894; x_wconf 88' lang='lat' dir='ltr'>filius</span> <span class='ocrx_word' id='word_1_63' title='bbox 606 1841 663 1907; x_wconf 89' lang='lat' dir='ltr'>est,</span> <span class='ocrx_word' id='word_1_64' title='bbox 680 1841 716 1894; x_wconf 91' lang='lat' dir='ltr'>ut</span> <span class='ocrx_word' id='word_1_65' title='bbox 730 1836 892 1895; x_wconf 86' lang='lat' dir='ltr'>abortivus</span> <span class='ocrx_word' id='word_1_66' title='bbox 907 1836 971 1895; x_wconf 86' lang='lat' dir='ltr'>fuit</span> <span class='ocrx_word' id='word_1_67' title='bbox 985 1836 1061 1895; x_wconf 93' lang='lat' dir='ltr'>olim</span> 
     </span>
     <span class='ocr_line' id='line_1_11' title="bbox 391 1930 1229 2009; baseline 0.002 -18"><span class='ocrx_word' id='word_1_68' title='bbox 391 1931 564 2009; x_wconf 86' lang='lat' dir='ltr'>Sisyphus;</span> <span class='ocrx_word' id='word_1_69' title='bbox 587 1930 672 1989; x_wconf 89' lang='lat' dir='ltr'>hune</span> <span class='ocrx_word' id='word_1_70' title='bbox 686 1950 795 1991; x_wconf 89' lang='lat' dir='ltr'>varum</span> <span class='ocrx_word' id='word_1_71' title='bbox 811 1932 957 1992; x_wconf 89' lang='lat' dir='ltr'>distortis</span> <span class='ocrx_word' id='word_1_72' title='bbox 972 1933 1124 2006; x_wconf 87' lang='lat' dir='ltr'>cruribus,</span> <span class='ocrx_word' id='word_1_73' title='bbox 1139 1932 1229 1993; x_wconf 89' lang='lat' dir='ltr'>illum</span> 
     </span>
     <span class='ocr_line' id='line_1_12' title="bbox 391 2027 1153 2105; baseline 0.001 -17"><span class='ocrx_word' id='word_1_74' title='bbox 391 2027 535 2088; x_wconf 87' lang='lat' dir='ltr'>Balbutit</span> <span class='ocrx_word' id='word_1_75' title='bbox 550 2046 703 2103; x_wconf 83' lang='lat' dir='ltr'>scaurum,</span> <span class='ocrx_word' id='word_1_76' title='bbox 719 2029 825 2105; x_wconf 85' lang='lat' dir='ltr'>pravis</span> <span class='ocrx_word' id='word_1_77' title='bbox 841 2029 956 2088; x_wconf 90' lang='lat' dir='ltr'>fultum</span> <span class='ocrx_word' id='word_1_78' title='bbox 973 2028 1055 2089; x_wconf 89' lang='lat' dir='ltr'>male</span> <span class='ocrx_word' id='word_1_79' title='bbox 1070 2030 1153 2089; x_wconf 76' lang='lat' dir='ltr'>talis,</span> 
     </span>
     <span class='ocr_line' id='line_1_13' title="bbox 390 2124 1132 2204; baseline 0 -19"><span class='ocrx_word' id='word_1_80' title='bbox 390 2125 520 2185; x_wconf 89' lang='lat' dir='ltr'>Parcius</span> <span class='ocrx_word' id='word_1_81' title='bbox 536 2124 586 2183; x_wconf 90' lang='lat' dir='ltr'>hic</span> <span class='ocrx_word' id='word_1_82' title='bbox 603 2124 699 2183; x_wconf 89' lang='lat' dir='ltr'>vivit:</span> <span class='ocrx_word' id='word_1_83' title='bbox 722 2124 807 2201; x_wconf 84' lang='lat' dir='ltr'>frugi</span> <span class='ocrx_word' id='word_1_84' title='bbox 823 2126 955 2185; x_wconf 84' lang='lat' dir='ltr'>dicatur.</span> <span class='ocrx_word' id='word_1_85' title='bbox 998 2126 1132 2204; x_wconf 86' lang='lat' dir='ltr'>Ineptus</span> 
     </span>
     <span class='ocr_line' id='line_1_14' title="bbox 390 2221 1200 2299; baseline 0.001 -18"><span class='ocrx_word' id='word_1_86' title='bbox 390 2223 433 2282; x_wconf 88' lang='lat' dir='ltr'>Et</span> <span class='ocrx_word' id='word_1_87' title='bbox 448 2222 613 2281; x_wconf 84' lang='lat' dir='ltr'>iactantior</span> <span class='ocrx_word' id='word_1_88' title='bbox 627 2221 679 2281; x_wconf 89' lang='lat' dir='ltr'>hic</span> <span class='ocrx_word' id='word_1_89' title='bbox 695 2221 802 2299; x_wconf 86' lang='lat' dir='ltr'>paullo</span> <span class='ocrx_word' id='word_1_90' title='bbox 817 2229 881 2282; x_wconf 90' lang='lat' dir='ltr'>est:</span> <span class='ocrx_word' id='word_1_91' title='bbox 905 2223 1076 2282; x_wconf 89' lang='lat' dir='ltr'>concinnus</span> <span class='ocrx_word' id='word_1_92' title='bbox 1091 2222 1200 2282; x_wconf 88' lang='lat' dir='ltr'>amicis</span> 
     </span>
     <span class='ocr_line' id='line_1_15' title="bbox 390 2318 1238 2396; baseline -0.001 -18"><span class='ocrx_word' id='word_1_93' title='bbox 390 2319 537 2378; x_wconf 85' lang='lat' dir='ltr'>Postulat</span> <span class='ocrx_word' id='word_1_94' title='bbox 553 2327 587 2377; x_wconf 91' lang='lat' dir='ltr'>ut</span> <span class='ocrx_word' id='word_1_95' title='bbox 602 2318 755 2377; x_wconf 89' lang='lat' dir='ltr'>videatur.</span> <span class='ocrx_word' id='word_1_96' title='bbox 799 2319 844 2379; x_wconf 83' lang='lat' dir='ltr'>At</span> <span class='ocrx_word' id='word_1_97' title='bbox 858 2326 907 2378; x_wconf 86' lang='lat' dir='ltr'>est</span> <span class='ocrx_word' id='word_1_98' title='bbox 922 2319 1130 2378; x_wconf 85' lang='lat' dir='ltr'>truculentior</span> <span class='ocrx_word' id='word_1_99' title='bbox 1144 2325 1238 2396; x_wconf 89' lang='lat' dir='ltr'>atque</span> 
     </span>
     <span class='ocr_line' id='line_1_16' title="bbox 390 2414 1199 2494; baseline -0.001 -20"><span class='ocrx_word' id='word_1_100' title='bbox 390 2415 468 2475; x_wconf 93' lang='lat' dir='ltr'>Plus</span> <span class='ocrx_word' id='word_1_101' title='bbox 483 2433 582 2491; x_wconf 89' lang='lat' dir='ltr'>aequo</span> <span class='ocrx_word' id='word_1_102' title='bbox 598 2415 693 2475; x_wconf 88' lang='lat' dir='ltr'>liber:</span> <span class='ocrx_word' id='word_1_103' title='bbox 717 2414 853 2494; x_wconf 85' lang='lat' dir='ltr'>simplex</span> <span class='ocrx_word' id='word_1_104' title='bbox 868 2415 1023 2491; x_wconf 84' lang='lat' dir='ltr'>fortisque</span> <span class='ocrx_word' id='word_1_105' title='bbox 1039 2415 1199 2474; x_wconf 86' lang='lat' dir='ltr'>habeatur.</span> 
     </span>
     <span class='ocr_line' id='line_1_17' title="bbox 390 2511 1178 2588; baseline -0.004 -16"><span class='ocrx_word' id='word_1_106' title='bbox 390 2512 518 2572; x_wconf 86' lang='lat' dir='ltr'>Caldior</span> <span class='ocrx_word' id='word_1_107' title='bbox 534 2519 598 2571; x_wconf 87' lang='lat' dir='ltr'>est:</span> <span class='ocrx_word' id='word_1_108' title='bbox 615 2512 703 2588; x_wconf 39' lang='lat' dir='ltr'>‚acris</span> <span class='ocrx_word' id='word_1_109' title='bbox 718 2512 801 2586; x_wconf 85' lang='lat' dir='ltr'>inter</span> <span class='ocrx_word' id='word_1_110' title='bbox 816 2518 1005 2571; x_wconf 87' lang='lat' dir='ltr'>numeretur.</span> <span class='ocrx_word' id='word_1_111' title='bbox 1049 2511 1178 2587; x_wconf 88' lang='lat' dir='ltr'>Opinor,</span> 
     </span>
     <span class='ocr_line' id='line_1_18' title="bbox 390 2607 1166 2684; baseline 0 -17"><span class='ocrx_word' id='word_1_112' title='bbox 390 2609 479 2667; x_wconf 87' lang='lat' dir='ltr'>Haec</span> <span class='ocrx_word' id='word_1_113' title='bbox 494 2625 542 2668; x_wconf 88' lang='lat' dir='ltr'>res</span> <span class='ocrx_word' id='word_1_114' title='bbox 558 2615 590 2667; x_wconf 90' lang='lat' dir='ltr'>et</span> <span class='ocrx_word' id='word_1_115' title='bbox 605 2607 717 2684; x_wconf 85' lang='lat' dir='ltr'>iungit,</span> <span class='ocrx_word' id='word_1_116' title='bbox 733 2609 856 2668; x_wconf 89' lang='lat' dir='ltr'>iunctos</span> <span class='ocrx_word' id='word_1_117' title='bbox 872 2615 904 2668; x_wconf 90' lang='lat' dir='ltr'>et</span> <span class='ocrx_word' id='word_1_118' title='bbox 919 2613 1024 2668; x_wconf 84' lang='lat' dir='ltr'>servat</span> <span class='ocrx_word' id='word_1_119' title='bbox 1042 2608 1166 2667; x_wconf 87' lang='lat' dir='ltr'>amicos.</span> 
     </span>
    </p>

    <p class='ocr_par' dir='ltr' id='par_1_3' title="bbox 389 2705 1264 3170">
     <span class='ocr_line' id='line_1_19' title="bbox 431 2705 1112 2783; baseline 0.001 -20"><span class='ocrx_word' id='word_1_120' title='bbox 431 2705 476 2763; x_wconf 87' lang='lat' dir='ltr'>At</span> <span class='ocrx_word' id='word_1_121' title='bbox 491 2724 546 2765; x_wconf 93' lang='lat' dir='ltr'>nos</span> <span class='ocrx_word' id='word_1_122' title='bbox 562 2706 699 2766; x_wconf 88' lang='lat' dir='ltr'>virtutes</span> <span class='ocrx_word' id='word_1_123' title='bbox 713 2707 799 2782; x_wconf 87' lang='lat' dir='ltr'>ipsas</span> <span class='ocrx_word' id='word_1_124' title='bbox 814 2705 1003 2779; x_wconf 86' lang='lat' dir='ltr'>invertimus</span> <span class='ocrx_word' id='word_1_125' title='bbox 1017 2713 1112 2783; x_wconf 88' lang='lat' dir='ltr'>atque</span> 
     </span>
     <span class='ocr_line' id='line_1_20' title="bbox 391 2802 1233 2879; baseline 0.002 -19"><span class='ocrx_word' id='word_1_126' title='bbox 391 2802 554 2861; x_wconf 88' lang='lat' dir='ltr'>Sincerum</span> <span class='ocrx_word' id='word_1_127' title='bbox 569 2802 712 2879; x_wconf 84' lang='lat' dir='ltr'>cupimus</span> <span class='ocrx_word' id='word_1_128' title='bbox 728 2820 784 2862; x_wconf 88' lang='lat' dir='ltr'>vas</span> <span class='ocrx_word' id='word_1_129' title='bbox 798 2802 982 2862; x_wconf 86' lang='lat' dir='ltr'>incrustare.</span> <span class='ocrx_word' id='word_1_130' title='bbox 1025 2802 1146 2862; x_wconf 91' lang='lat' dir='ltr'>Probus</span> <span class='ocrx_word' id='word_1_131' title='bbox 1162 2804 1233 2879; x_wconf 91' lang='lat' dir='ltr'>quis</span> 
     </span>
     <span class='ocr_line' id='line_1_21' title="bbox 389 2898 1186 2973; baseline -0.001 -16"><span class='ocrx_word' id='word_1_132' title='bbox 389 2899 562 2961; x_wconf 89' lang='lat' dir='ltr'>Nobiscum</span> <span class='ocrx_word' id='word_1_133' title='bbox 578 2899 668 2973; x_wconf 86' lang='lat' dir='ltr'>vivit,</span> <span class='ocrx_word' id='word_1_134' title='bbox 684 2899 819 2958; x_wconf 88' lang='lat' dir='ltr'>multum</span> <span class='ocrx_word' id='word_1_135' title='bbox 836 2899 990 2959; x_wconf 89' lang='lat' dir='ltr'>demissus</span> <span class='ocrx_word' id='word_1_136' title='bbox 1005 2898 1115 2973; x_wconf 88' lang='lat' dir='ltr'>homo;</span> <span class='ocrx_word' id='word_1_137' title='bbox 1137 2899 1186 2957; x_wconf 92' lang='lat' dir='ltr'>illi</span> 
     </span>
     <span class='ocr_line' id='line_1_22' title="bbox 390 2995 1264 3073; baseline -0.001 -18"><span class='ocrx_word' id='word_1_138' title='bbox 390 2996 494 3055; x_wconf 84' lang='lat' dir='ltr'>Tardo</span> <span class='ocrx_word' id='word_1_139' title='bbox 508 3013 680 3071; x_wconf 86' lang='lat' dir='ltr'>cognomen</span> <span class='ocrx_word' id='word_1_140' title='bbox 695 2996 806 3073; x_wconf 87' lang='lat' dir='ltr'>pingui</span> <span class='ocrx_word' id='word_1_141' title='bbox 821 2995 942 3055; x_wconf 88' lang='lat' dir='ltr'>damus.</span> <span class='ocrx_word' id='word_1_142' title='bbox 985 2996 1048 3055; x_wconf 91' lang='lat' dir='ltr'>Hic</span> <span class='ocrx_word' id='word_1_143' title='bbox 1063 2996 1148 3070; x_wconf 85' lang='lat' dir='ltr'>fugit</span> <span class='ocrx_word' id='word_1_144' title='bbox 1162 2995 1264 3055; x_wconf 89' lang='lat' dir='ltr'>omnis</span> 
     </span>
     <span class='ocr_line' id='line_1_23' title="bbox 389 3091 1158 3170; baseline 0.003 -21"><span class='ocrx_word' id='word_1_145' title='bbox 389 3093 528 3152; x_wconf 87' lang='lat' dir='ltr'>Insidias</span> <span class='ocrx_word' id='word_1_146' title='bbox 540 3091 683 3170; x_wconf 88' lang='lat' dir='ltr'>nullique</span> <span class='ocrx_word' id='word_1_147' title='bbox 698 3092 781 3152; x_wconf 91' lang='lat' dir='ltr'>malo</span> <span class='ocrx_word' id='word_1_148' title='bbox 795 3091 879 3152; x_wconf 90' lang='lat' dir='ltr'>latus</span> <span class='ocrx_word' id='word_1_149' title='bbox 894 3092 983 3152; x_wconf 89' lang='lat' dir='ltr'>obdit</span> <span class='ocrx_word' id='word_1_150' title='bbox 997 3100 1139 3169; x_wconf 88' lang='lat' dir='ltr'>apertum</span> <span class='ocrx_word' id='word_1_151' title='bbox 1151 3115 1158 3167; x_wconf 92' lang='lat'>;</span> 
     </span>
    </p>

    <p class='ocr_par' dir='ltr' id='par_1_4' title="bbox 387 3188 1272 3845">
     <span class='ocr_line' id='line_1_24' title="bbox 389 3188 1182 3263; baseline 0 -15"><span class='ocrx_word' id='word_1_152' title='bbox 389 3189 468 3248; x_wconf 86' lang='lat' dir='ltr'>Cum</span> <span class='ocrx_word' id='word_1_153' title='bbox 484 3206 581 3263; x_wconf 88' lang='lat' dir='ltr'>genus</span> <span class='ocrx_word' id='word_1_154' title='bbox 597 3189 655 3248; x_wconf 91' lang='lat' dir='ltr'>hoc</span> <span class='ocrx_word' id='word_1_155' title='bbox 670 3189 753 3248; x_wconf 89' lang='lat' dir='ltr'>inter</span> <span class='ocrx_word' id='word_1_156' title='bbox 768 3188 852 3247; x_wconf 87' lang='lat' dir='ltr'>vitae</span> <span class='ocrx_word' id='word_1_157' title='bbox 867 3196 1018 3262; x_wconf 86' lang='lat' dir='ltr'>versetur,</span> <span class='ocrx_word' id='word_1_158' title='bbox 1033 3189 1086 3247; x_wconf 91' lang='lat' dir='ltr'>ubi</span> <span class='ocrx_word' id='word_1_159' title='bbox 1102 3188 1182 3249; x_wconf 89' lang='lat' dir='ltr'>acris</span> 
     </span>
     <span class='ocr_line' id='line_1_25' title="bbox 390 3285 1233 3362; baseline 0.001 -19"><span class='ocrx_word' id='word_1_160' title='bbox 390 3285 517 3344; x_wconf 87' lang='lat' dir='ltr'>Invidia</span> <span class='ocrx_word' id='word_1_161' title='bbox 531 3292 625 3362; x_wconf 91' lang='lat' dir='ltr'>atque</span> <span class='ocrx_word' id='word_1_162' title='bbox 641 3285 751 3359; x_wconf 84' lang='lat' dir='ltr'>vigent</span> <span class='ocrx_word' id='word_1_163' title='bbox 765 3285 820 3344; x_wconf 91' lang='lat' dir='ltr'>nbi</span> <span class='ocrx_word' id='word_1_164' title='bbox 835 3285 976 3359; x_wconf 89' lang='lat' dir='ltr'>crimina,</span> <span class='ocrx_word' id='word_1_165' title='bbox 993 3304 1049 3362; x_wconf 93' lang='lat' dir='ltr'>pro</span> <span class='ocrx_word' id='word_1_166' title='bbox 1062 3287 1142 3345; x_wconf 90' lang='lat' dir='ltr'>bene</span> <span class='ocrx_word' id='word_1_167' title='bbox 1158 3303 1233 3344; x_wconf 88' lang='lat' dir='ltr'>sano</span> 
     </span>
     <span class='ocr_line' id='line_1_26' title="bbox 389 3381 1169 3457; baseline 0 -18"><span class='ocrx_word' id='word_1_168' title='bbox 389 3381 436 3441; x_wconf 87' lang='lat' dir='ltr'>Ac</span> <span class='ocrx_word' id='word_1_169' title='bbox 452 3401 513 3440; x_wconf 93' lang='lat' dir='ltr'>non</span> <span class='ocrx_word' id='word_1_170' title='bbox 529 3381 655 3441; x_wconf 88' lang='lat' dir='ltr'>incauto</span> <span class='ocrx_word' id='word_1_171' title='bbox 670 3381 778 3441; x_wconf 85' lang='lat' dir='ltr'>lictum</span> <span class='ocrx_word' id='word_1_172' title='bbox 795 3388 1000 3457; x_wconf 87' lang='lat' dir='ltr'>astutumque</span> <span class='ocrx_word' id='word_1_173' title='bbox 1015 3400 1169 3441; x_wconf 84' lang='lat' dir='ltr'>vocamus.</span> 
     </span>
     <span class='ocr_line' id='line_1_27' title="bbox 389 3477 1237 3555; baseline -0.002 -18"><span class='ocrx_word' id='word_1_174' title='bbox 389 3477 569 3554; x_wconf 90' lang='lat' dir='ltr'>Simplicior</span> <span class='ocrx_word' id='word_1_175' title='bbox 584 3478 655 3554; x_wconf 91' lang='lat' dir='ltr'>quis</span> <span class='ocrx_word' id='word_1_176' title='bbox 671 3484 703 3536; x_wconf 91' lang='lat' dir='ltr'>et</span> <span class='ocrx_word' id='word_1_177' title='bbox 717 3483 775 3552; x_wconf 90' lang='lat' dir='ltr'>est,</span> <span class='ocrx_word' id='word_1_178' title='bbox 791 3477 916 3555; x_wconf 91' lang='lat' dir='ltr'>qualem</span> <span class='ocrx_word' id='word_1_179' title='bbox 932 3496 981 3536; x_wconf 91' lang='lat' dir='ltr'>me</span> <span class='ocrx_word' id='word_1_180' title='bbox 996 3496 1088 3554; x_wconf 88' lang='lat' dir='ltr'>saepe</span> <span class='ocrx_word' id='word_1_181' title='bbox 1103 3477 1237 3537; x_wconf 88' lang='lat' dir='ltr'>libenter</span> 
     </span>
     <span class='ocr_line' id='line_1_28' title="bbox 388 3573 1159 3650; baseline -0.004 -15"><span class='ocrx_word' id='word_1_182' title='bbox 388 3574 565 3635; x_wconf 86' lang='lat' dir='ltr'>Obtulerim</span> <span class='ocrx_word' id='word_1_183' title='bbox 579 3574 649 3649; x_wconf 92' lang='lat' dir='ltr'>tibi,</span> <span class='ocrx_word' id='word_1_184' title='bbox 665 3575 840 3648; x_wconf 87' lang='lat' dir='ltr'>Maecenas,</span> <span class='ocrx_word' id='word_1_185' title='bbox 857 3580 892 3633; x_wconf 93' lang='lat' dir='ltr'>ut</span> <span class='ocrx_word' id='word_1_186' title='bbox 906 3574 989 3633; x_wconf 86' lang='lat' dir='ltr'>forte</span> <span class='ocrx_word' id='word_1_187' title='bbox 1005 3573 1159 3650; x_wconf 85' lang='lat' dir='ltr'>legentem</span> 
     </span>
     <span class='ocr_line' id='line_1_29' title="bbox 388 3670 1272 3747; baseline 0.001 -18"><span class='ocrx_word' id='word_1_188' title='bbox 388 3672 454 3729; x_wconf 86' lang='lat' dir='ltr'>Aut</span> <span class='ocrx_word' id='word_1_189' title='bbox 469 3670 601 3730; x_wconf 88' lang='lat' dir='ltr'>taciturn</span> <span class='ocrx_word' id='word_1_190' title='bbox 617 3670 761 3747; x_wconf 88' lang='lat' dir='ltr'>impellat</span> <span class='ocrx_word' id='word_1_191' title='bbox 775 3671 887 3747; x_wconf 88' lang='lat' dir='ltr'>quovis</span> <span class='ocrx_word' id='word_1_192' title='bbox 903 3689 1059 3730; x_wconf 87' lang='lat' dir='ltr'>sermone:</span> <span class='ocrx_word' id='word_1_193' title='bbox 1084 3671 1272 3731; x_wconf 77' lang='lat' dir='ltr'>‘Molestusl</span> 
     </span>
     <span class='ocr_line' id='line_1_30' title="bbox 387 3766 1070 3845; baseline -0.003 -17"><span class='ocrx_word' id='word_1_194' title='bbox 387 3767 553 3828; x_wconf 86' lang='lat' dir='ltr'>Communi</span> <span class='ocrx_word' id='word_1_195' title='bbox 567 3784 662 3828; x_wconf 85' lang='lat' dir='ltr'>sensu</span> <span class='ocrx_word' id='word_1_196' title='bbox 676 3766 770 3845; x_wconf 90' lang='lat' dir='ltr'>plane</span> <span class='ocrx_word' id='word_1_197' title='bbox 785 3768 886 3827; x_wconf 87' lang='lat' dir='ltr'>caret’</span> <span class='ocrx_word' id='word_1_198' title='bbox 903 3768 1070 3845; x_wconf 88' lang='lat' dir='ltr'>inquimus.</span> 
     </span>
    </p>

    <p class='ocr_par' dir='ltr' id='par_1_5' title="bbox 383 3864 1324 4331">
     <span class='ocr_line' id='line_1_31' title="bbox 1111 3864 1210 3940; baseline -0.01 -16"><span class='ocrx_word' id='word_1_199' title='bbox 1111 3864 1210 3940; x_wconf 87' lang='lat' dir='ltr'>Eheu,</span> 
     </span>
     <span class='ocr_line' id='line_1_32' title="bbox 385 3961 1264 4039; baseline 0.002 -20"><span class='ocrx_word' id='word_1_200' title='bbox 385 3961 484 4031; x_wconf 86' lang='lat' dir='ltr'>Quam</span> <span class='ocrx_word' id='word_1_201' title='bbox 499 3968 616 4020; x_wconf 87' lang='lat' dir='ltr'>temere</span> <span class='ocrx_word' id='word_1_202' title='bbox 631 3962 664 4019; x_wconf 91' lang='lat' dir='ltr'>in</span> <span class='ocrx_word' id='word_1_203' title='bbox 679 3968 803 4021; x_wconf 88' lang='lat' dir='ltr'>nosmet</span> <span class='ocrx_word' id='word_1_204' title='bbox 817 3961 917 4038; x_wconf 85' lang='lat' dir='ltr'>legem</span> <span class='ocrx_word' id='word_1_205' title='bbox 934 3962 1092 4022; x_wconf 90' lang='lat' dir='ltr'>sancimus</span> <span class='ocrx_word' id='word_1_206' title='bbox 1107 3962 1264 4039; x_wconf 89' lang='lat' dir='ltr'>iniquam!</span> 
     </span>
     <span class='ocr_line' id='line_1_33' title="bbox 385 4058 1236 4137; baseline 0.004 -21"><span class='ocrx_word' id='word_1_207' title='bbox 385 4058 468 4118; x_wconf 90' lang='lat' dir='ltr'>Nam</span> <span class='ocrx_word' id='word_1_208' title='bbox 483 4058 572 4117; x_wconf 89' lang='lat' dir='ltr'>vitiis</span> <span class='ocrx_word' id='word_1_209' title='bbox 586 4077 677 4117; x_wconf 80' lang='lat' dir='ltr'>nenio</span> <span class='ocrx_word' id='word_1_210' title='bbox 693 4060 760 4118; x_wconf 89' lang='lat' dir='ltr'>sine</span> <span class='ocrx_word' id='word_1_211' title='bbox 775 4060 933 4133; x_wconf 82' lang='lat' dir='ltr'>nascitur3</span> <span class='ocrx_word' id='word_1_212' title='bbox 957 4060 1093 4137; x_wconf 89' lang='lat' dir='ltr'>optimus</span> <span class='ocrx_word' id='word_1_213' title='bbox 1108 4060 1163 4119; x_wconf 89' lang='lat' dir='ltr'>ille</span> <span class='ocrx_word' id='word_1_214' title='bbox 1179 4066 1236 4132; x_wconf 90' lang='lat' dir='ltr'>est,</span> 
     </span>
     <span class='ocr_line' id='line_1_34' title="bbox 384 4155 1324 4234; baseline 0.004 -21"><span class='ocrx_word' id='word_1_215' title='bbox 384 4155 444 4225; x_wconf 83' lang='lat' dir='ltr'>Qui</span> <span class='ocrx_word' id='word_1_216' title='bbox 459 4155 599 4214; x_wconf 89' lang='lat' dir='ltr'>minimis</span> <span class='ocrx_word' id='word_1_217' title='bbox 614 4163 751 4231; x_wconf 85' lang='lat' dir='ltr'>urgetur.</span> <span class='ocrx_word' id='word_1_218' title='bbox 795 4156 926 4216; x_wconf 87' lang='lat' dir='ltr'>Amicus</span> <span class='ocrx_word' id='word_1_219' title='bbox 941 4156 1052 4229; x_wconf 85' lang='lat' dir='ltr'>dulcis,</span> <span class='ocrx_word' id='word_1_220' title='bbox 1069 4162 1104 4215; x_wconf 91' lang='lat' dir='ltr'>ut</span> <span class='ocrx_word' id='word_1_221' title='bbox 1119 4174 1251 4234; x_wconf 85' lang='lat' dir='ltr'>aequum</span> <span class='ocrx_word' id='word_1_222' title='bbox 1267 4164 1324 4232; x_wconf 89' lang='lat' dir='ltr'>est,</span> 
     </span>
     <span class='ocr_line' id='line_1_35' title="bbox 383 4251 1221 4331; baseline 0.001 -19"><span class='ocrx_word' id='word_1_223' title='bbox 383 4251 462 4312; x_wconf 82' lang='lat' dir='ltr'>(lum</span> <span class='ocrx_word' id='word_1_224' title='bbox 478 4270 548 4312; x_wconf 90' lang='lat' dir='ltr'>mea</span> <span class='ocrx_word' id='word_1_225' title='bbox 562 4258 743 4330; x_wconf 89' lang='lat' dir='ltr'>compenset</span> <span class='ocrx_word' id='word_1_226' title='bbox 758 4252 846 4312; x_wconf 86' lang='lat' dir='ltr'>vitiis</span> <span class='ocrx_word' id='word_1_227' title='bbox 862 4253 951 4327; x_wconf 88' lang='lat' dir='ltr'>bona,</span> <span class='ocrx_word' id='word_1_228' title='bbox 967 4252 1110 4331; x_wconf 88' lang='lat' dir='ltr'>pluribus</span> <span class='ocrx_word' id='word_1_229' title='bbox 1125 4253 1221 4329; x_wconf 90' lang='lat' dir='ltr'>hisce,</span> 
     </span>
    </p>
   </div>
   <div class='ocr_carea' id='block_1_3' title="bbox 0 0 1800 5067">
    <p class='ocr_par' dir='ltr' id='par_1_6' title="bbox 0 0 1800 5067">
     <span class='ocr_line' id='line_1_36' title="bbox 0 0 1800 5067; baseline 0 3"><span class='ocrx_word' id='word_1_230' title='bbox 0 0 1800 5067; x_wconf 95' lang='lat' dir='ltr'> </span> 
     </span>
    </p>
   </div>
  </div>
 </body>
</html>
