3592 5067
377 933 416 1001 1.]
822 930 935 981 ninas
959 931 997 983 11.

376 1103 484 1179 Dives,
500 1101 601 1180 inops,
617 1101 746 1175 Romae,
761 1120 817 1163 seu
832 1102 899 1162 fors
915 1102 961 1162 ita
975 1101 1104 1164 iusserit
1118 1102 1217 1179 exsul,

374 1200 525 1278 Quisquis
541 1198 603 1258 erit
616 1198 702 1258 vitae
717 1199 852 1259 scribam
866 1198 960 1260 color.

1007 1298 1039 1355 T.
1069 1295 1198 1375 Opuer,
1212 1303 1250 1357 ut
1264 1298 1308 1359 sis

375 1393 492 1456 Vitalis
508 1400 622 1469 metuo,
637 1393 838 1454 etmalorum
854 1412 893 1454 ne
909 1394 981 1471 quis
996 1393 1115 1454 amicus

375 1492 503 1568 Frigore
519 1497 550 1551 te
565 1490 670 1550 feriat.
713 1491 755 1550 H.
786 1490 897 1561 Quid?
919 1509 989 1550 cum
1005 1498 1054 1551 est
1069 1490 1211 1552 Lucilius
1225 1510 1320 1553 ausus

372 1589 501 1650 Primus
516 1589 550 1648 in
565 1588 650 1647 hunc
664 1587 769 1666 operis
783 1606 972 1666 componere
986 1588 1127 1649 carmina
1143 1607 1269 1665 morem,

373 1685 549 1746 Detrahere
563 1693 595 1745 et
610 1683 736 1762 pellem,
751 1685 874 1745 nitidus
889 1704 952 1763 qua
967 1687 1101 1763 quisque
1116 1703 1172 1763 per
1186 1704 1241 1746 ora

372 1781 514 1858 Cederet,
530 1782 700 1841 introrsum
717 1782 831 1859 turpis,
847 1802 923 1841 num
938 1782 1067 1843 Laelius
1081 1782 1183 1861 etqui

372 1880 475 1940 Duxit
488 1879 529 1940 ab
543 1896 695 1957 oppressa
709 1879 858 1938 meritum
874 1878 1066 1955 Carthagine
1081 1898 1193 1939 nornen

373 1976 506 2054 Ingenio
519 1974 634 2035 offensi
648 1981 704 2035 aut
719 1974 806 2035 laeso
820 1974 947 2036 doluere
963 1975 1095 2036 Metello

365 2066 577 2150 ¹l'amosisque
591 2072 683 2149 Lupo
697 2081 846 2150 cooperto
860 2073 1029 2132 versibus?
1071 2073 1174 2150 Atqui

312 2163 315 2168 ’
370 2170 529 2230 Primores
545 2168 656 2248 populi
670 2168 807 2247 arripuit
821 2169 1036 2247 populumque
1051 2169 1207 2245 tributim,

371 2265 500 2327 Scilicet
515 2266 570 2325 uni
584 2285 704 2344 aequus
721 2266 833 2325 virtuti
848 2274 943 2343 atque
958 2265 1026 2327 eius
1041 2266 1159 2327 amieis.

370 2363 452 2434 Quin
468 2364 522 2424 ubi
537 2383 570 2425 se
585 2384 604 2424 a
618 2364 711 2440 volgo
726 2372 758 2424 et
773 2382 887 2424 scaena
901 2364 933 2423 in
950 2372 1070 2424 secreta
1084 2372 1243 2425 remorant

370 2458 481 2518 Virtus
497 2457 663 2534 Scipiadae
679 2465 712 2516 et
726 2458 814 2518 mitis
830 2457 987 2534 sapientia
1003 2456 1100 2531 Laeli,

369 2554 400 2613 N
403 2553 492 2629 ugari
507 2573 578 2613 oum
594 2553 650 2613 illo
665 2561 699 2614 et
712 2554 862 2614 discincti
878 2553 995 2628 ludere,
1010 2554 1108 2614 donee

369 2650 604 2728 Decoqueretur
618 2650 720 2725 holus,
736 2650 831 2710 soliti.

870 2746 1027 2824 Quicquid
1042 2766 1111 2806 sum
1127 2766 1193 2824 ego,
1209 2751 1354 2826 quamvis

369 2844 461 2903 lnira
475 2842 579 2903 Lucili
595 2861 721 2903 censum
739 2843 973 2919 ingeniumque,
989 2851 1095 2902 tamen
1110 2862 1159 2903 me

368 2941 447 3001 Cum
464 2940 586 3016 magnis
602 2940 721 3000 vixisse
737 2940 840 3002 invita
854 2939 1008 2998 fatebitur
1023 2958 1122 3016 usque

367 3037 504 3111 Invidia,
519 3043 552 3097 et
566 3035 674 3113 fragili
689 3053 843 3113 quaerens
858 3033 992 3095 inlidere
1007 3035 1142 3110 dentem,

368 3133 516 3195 Offendet
530 3133 642 3207 solido,
657 3133 720 3193 nisi
736 3133 813 3211 quid
828 3140 873 3206 tu,
889 3132 980 3191 docte
995 3132 1132 3208 Trebati,

367 3231 534 3291 Dissentio.

583 3329 615 3387 T.
645 3328 803 3405 Equidem
818 3325 900 3386 nihil
916 3326 990 3385 hinc
1006 3326 1168 3404 diffingere
1182 3348 1328 3407 possum;

366 3424 427 3484 Sed
443 3432 548 3484 tamen
564 3432 600 3484 ut
615 3426 754 3484 monitus
769 3442 888 3498 caveas,
904 3443 943 3483 ne
959 3424 1041 3484 forte
1056 3425 1163 3501 negoti

366 3522 507 3581 Incutiat
521 3522 580 3581 tibi
596 3521 673 3597 quid
688 3529 868 3581 sanctarum
884 3521 1012 3580 inscitia
1026 3521 1147 3598 legum;

366 3617 399 3677 Si
415 3618 500 3678 mala
514 3619 693 3679 condiderit
707 3620 740 3678 in
756 3637 850 3697 quem
865 3619 937 3695 quis
952 3620 1099 3694 carmina,
1116 3619 1165 3680 ius
1179 3629 1228 3680 est

365 3714 594 3793 Iudiciumque.
639 3718 680 3775 H.
710 3717 797 3790 Esto,
813 3715 840 3776 si
856 3715 927 3792 quis
943 3714 1043 3790 mala;
1065 3716 1120 3776 sed
1135 3717 1216 3777 bona
1230 3717 1257 3777 si
1272 3718 1343 3794 quis

348 3865 351 3870 ,
365 3811 476 3872 Iudice
489 3812 668 3873 condiderit
681 3812 829 3872 laudatus
844 3813 1006 3873 Caesare?
1028 3812 1055 3872 si
1071 3813 1143 3890 quis

366 3908 551 3987 Opprobriis
566 3910 697 3986 dignum
713 3908 886 3981 latraverit,
903 3909 1024 3985 integer
1039 3909 1134 3986 ipse?

369 4006 403 4065 Τ.
431 4006 601 4068 Solventur
616 4007 683 4067 risu
697 4006 833 4082 tabulae,
846 4014 881 4065 tu
896 4006 1011 4067 missus
1026 4006 1136 4068 abibis.
