3592 5067
378 1023 444 1090 ru]
832 1018 945 1069 urana
969 1020 990 1071 1.

376 1194 526 1257 Accurrit
539 1192 668 1272 quidam
683 1199 777 1253 notus
792 1192 872 1253 mihi
881 1191 1014 1254 ⁴nomine
1028 1200 1163 1270 tanturn,

376 1294 576 1371 Arreptaque
592 1288 687 1350 manu
703 1290 802 1361 ‘Quid
816 1290 894 1367 agis,
911 1292 1093 1352 dulcissime
1109 1310 1213 1352 rerum
1224 1295 1256 1353 ?'

377 1396 385 1427 ‘
393 1390 550 1464 Suaviter,
562 1394 598 1447 ut
609 1380 692 1447 nuno
707 1390 775 1461 est,'
788 1388 917 1466 inquam
930 1395 977 1449 ‘et
992 1390 1085 1467 cupio
1099 1393 1214 1463 omnia,
1226 1410 1307 1469 quae
1318 1392 1386 1455 vis!
1424 1408 1440 1453 c

375 1489 454 1550 Cum
469 1486 693 1559 adsectaretur,
710 1485 891 1563 ‘Numquid
906 1486 955 1547 vis
966 1488 1000 1547 ?'
1016 1505 1139 1566 occupo.
1183 1490 1229 1547 At
1243 1489 1298 1548 ille

376 1591 384 1622 ‘
393 1585 489 1646 Neris
504 1584 577 1645 nos'
592 1583 705 1661 inquit,
722 1582 823 1643 ‘docti
839 1584 968 1645 sumus'
1010 1584 1074 1644 Hic
1088 1604 1146 1661 ego
1161 1585 1282 1648 ‘Pluris

375 1683 460 1744 Hoc’
475 1682 606 1759 inquam
622 1680 718 1740 ‘mihi
734 1682 816 1741 eris!

860 1780 977 1840 Misere
993 1781 1151 1841 discedere
1166 1799 1329 1858 quaerens,

374 1879 426 1939 Ire
442 1877 534 1937 modo
548 1877 645 1952 ocius,
660 1876 819 1937 interdum
834 1874 1016 1953 consistere,
1032 1877 1185 1938 inaurem

373 1976 486 2036 Dicere
501 1975 608 2035 nescio
622 1974 699 2052 quid
714 1993 820 2052 puero,
836 1992 906 2033 cum
922 1976 1017 2035 sudor
1031 1976 1071 2035 ad
1086 1976 1165 2035 imos
1408 1989 1437 2036 10

373 2073 521 2133 Manaret
534 2070 625 2132 talos.
669 2071 711 2132 ‘O
727 2078 768 2146 te,
784 2071 911 2146 Bolane,
927 2073 1045 2132 cerebri

373 2169 528 2229 Felicem'
543 2169 664 2229 aiebam
681 2169 806 2244 tacitus,
822 2186 890 2227 cum
908 2169 1064 2247 quidlibet
1079 2169 1133 2229 ille

373 2267 527 2341 Garriret,
543 2266 637 2341 vicos,
653 2267 762 2327 urbem
778 2265 929 2326 laudaret.
975 2268 1021 2327 Ut
1036 2266 1085 2325 illi

371 2364 428 2424 Nil
444 2364 681 2442 respondebam,
698 2364 829 2424 ‘Misere
844 2364 950 2443 cupis'
966 2365 1072 2442 inquit
1087 2364 1205 2439 ‘abire3

373 2461 562 2522 Iamdudum
579 2462 686 2536 vide05
707 2462 761 2523 sed
777 2461 821 2520 nil
837 2462 923 2538 agis3
946 2481 1044 2539 usque
1059 2462 1188 2537 tenebo;
1406 2477 1435 2522 15

371 2559 555 2636 Persequar.
599 2560 685 2622 Hinc
700 2578 762 2636 quo
777 2578 859 2618 nune
875 2560 936 2619 iter
950 2566 999 2619 est
1012 2559 1072 2619 tibi
1083 2561 1116 2618 ?'
1157 2558 1230 2619 ‘Nil
1245 2579 1324 2638 opus
1338 2567 1387 2622 eet
1401 2569 1433 2622 te

372 2655 568 2732 Circumagi3
591 2656 749 2732 quendam
763 2655 835 2716 volo
850 2657 951 2716 visere
967 2676 1028 2716 non
1045 2657 1102 2716 tibi
1119 2663 1236 2716 notum.

372 2753 473 2812 Trans
488 2752 627 2812 Tiberim
643 2751 734 2828 longe
749 2753 844 2812 cubat
860 2754 886 2813 is
902 2773 997 2830 prope
1013 2754 1157 2814 Caesaris
1173 2753 1300 2815 hortos!

372 2848 446 2907 ‘Nil
467 2848 566 2908 habeo
581 2847 664 2925 quod
679 2866 768 2923 agam
785 2855 816 2908 et
834 2868 895 2908 non
911 2869 979 2909 sum
1001 2850 1106 2927 piger3
1129 2869 1230 2928 usque
1244 2869 1358 2928 sequar
1372 2851 1425 2911 te'

412 2944 554 3005 Demitto
568 2943 735 3019 auriculas,
750 2952 786 3004 ut
801 2945 928 3021 iniquae
943 2946 1059 3006 mentis
1074 2946 1200 3022 asellus,
1403 2960 1433 3006 ao

371 3040 449 3101 Cum
465 3042 594 3118 gravius
610 3042 703 3101 dorso
718 3042 816 3102 subiit
831 3061 918 3102 onus.
963 3043 1082 3119 Incipit
1098 3042 1169 3102 ille:

370 3138 423 3199 ‘Si
437 3140 517 3199 bene
531 3156 581 3197 me
596 3139 679 3211 novi,
695 3157 757 3198 non
773 3139 903 3199 Viscum
920 3137 1019 3216 pluris
1034 3140 1180 3215 amicum,

369 3235 442 3296 Non
458 3235 588 3296 Varium
604 3235 718 3311 facies;
737 3254 810 3295 nam
826 3236 897 3312 quis
914 3255 962 3296 me
976 3237 1112 3297 scribere
1128 3236 1229 3314 pluris

369 3335 437 3392 Aut
451 3332 545 3393 citius
560 3333 661 3409 possit
675 3336 811 3392 versus?
853 3332 932 3402 Quis
946 3335 1087 3392 membra
1100 3352 1226 3393 movere

368 3428 527 3489 Mollius?
570 3429 719 3488 Invideat
733 3430 817 3506 quod
832 3435 865 3489 et
880 3431 1098 3506 Hermogenes
1113 3448 1170 3506 ego
1184 3432 1298 3492 canto!
1400 3446 1431 3491 25

408 3524 638 3604 interpellandi
655 3525 742 3586 locus
758 3526 809 3586 hie
824 3534 908 3586 erat:
933 3527 1073 3587 ‘esttibi
1090 3535 1199 3603 mater,

368 3623 511 3699 Cognati,
519 3623 590 3700 quis
605 3630 637 3682 te
652 3622 740 3683 salvo
755 3631 803 3683 est
818 3641 896 3699 opus
907 3625 941 3683 ?'
971 3624 1084 3684 ‘Haud
1099 3624 1178 3683 mihi
1194 3626 1369 3704 quisquam.

368 3720 479 3781 Omnis
494 3719 674 3797 composui!
719 3720 876 3780 ‘Felicesl
912 3721 1006 3780 Nunc
1021 3739 1078 3797 ego
1093 3729 1184 3781 resto.

366 3815 508 3893 Confice3
532 3836 666 3894 namque
683 3818 782 3878 instat
797 3818 901 3877 fatum
916 3818 994 3877 mihi
1010 3820 1109 3891 triste,
1126 3818 1253 3880 Sabella

366 3914 455 3985 Quod
470 3932 568 3992 puero
582 3916 697 3975 cecinit
711 3914 822 3975 divina
837 3922 921 3975 mota
935 3934 1014 3976 anus
1029 3935 1124 3975 urna:
1399 3930 1430 3977 ³0

366 4011 490 4071 “Hunc
504 4030 605 4088 neque
619 4012 690 4072 dira
705 4030 825 4071 venena
840 4030 897 4071 nec
913 4012 1053 4073 hosticus
1069 4013 1192 4073 auferet
1207 4015 1301 4089 ensis,

365 4107 432 4167 Nee
448 4108 582 4169 laterum
597 4108 687 4168 dolor
701 4116 757 4168 aut
772 4109 878 4184 tussis,
895 4128 953 4169 nee
968 4109 1059 4170 tarda
1073 4111 1230 4188 podagra;

366 4205 520 4265 Garrulus
535 4206 618 4266 hune
633 4208 760 4284 quando
775 4214 939 4267 consumet
954 4226 1101 4286 cumque;
1125 4209 1281 4285 loquaces,

365 4300 398 4370 Si
414 4303 526 4381 sapiat,
542 4303 632 4379 vitet,
648 4303 743 4364 simul
758 4311 854 4383 atque
869 4304 1044 4366 adoleverit
1058 4307 1196 4366 aetas.'''

404 4399 540 4460 Ventum
557 4407 625 4462 erat
638 4401 678 4462 ad
694 4402 820 4478 Vestae,
833 4394 949 4480 quarta
963 4404 1025 4464 iarn
1041 4409 1130 4485 parte
1145 4403 1209 4464 diei
1338 4418 1343 4431 ·
1397 4417 1428 4465 36
