3592 5067
379 961 443 1028 vr]
828 956 940 1007 umus
964 954 1000 1007 11.

307 1162 311 1168 ’
377 1133 419 1193 Di
428 1132 548 1193 melius
562 1130 674 1192 fecere.
720 1123 876 1191 Bene'est.
920 1129 978 1189 Nil
992 1130 1129 1207 amplius
1144 1148 1207 1206 oro,

377 1230 465 1291 Maia
479 1237 562 1303 nate,
577 1227 640 1288 nisi
656 1232 692 1288 ut
705 1226 834 1305 propria
847 1226 926 1287 haec
940 1226 1020 1285 mihi
1036 1244 1166 1287 munera
1179 1228 1274 1290 faxis
1426 1245 1440 1290 u

377 1326 411 1389 Si
426 1345 528 1405 neque
544 1325 693 1386 maiorem
708 1323 770 1384 feci
787 1323 908 1384 ratione
923 1324 1007 1384 mala
1022 1342 1096 1399 rem,

376 1424 443 1485 Nec
458 1443 528 1486 sum
543 1423 687 1483 facturus
703 1420 783 1481 vitio
797 1420 930 1499 culpave
946 1421 1117 1497 minorem

376 1520 410 1583 si
425 1540 556 1582 veneror
571 1518 689 1580 stultus
704 1518 787 1577 nihil
802 1519 929 1578 horum:
953 1517 998 1579 ‘0
1013 1518 1042 1579 si
1055 1519 1190 1595 angulus
1205 1520 1261 1580 ille

375 1619 544 1680 Proximus
558 1616 696 1691 accedat,
711 1615 768 1694 qui
782 1634 866 1676 nunc
880 1616 1045 1676 denormat
1059 1617 1214 1693 agellum!

375 1715 444 1778 Osi
459 1734 570 1777 urnam
585 1713 708 1790 argenti
724 1714 790 1774 fors
806 1732 886 1790 quae
901 1712 980 1773 mihi
995 1722 1158 1788 monstret,
1173 1722 1210 1774 ut
1224 1715 1273 1775 illi
1410 1732 1438 1776 ιο

374 1813 535 1874 Thesauro
551 1811 680 1872 invento
694 1810 750 1889 qui
764 1810 999 1871 mercennarius
1014 1829 1123 1887 egrum

374 1909 471 1969 illum
486 1909 591 1987 ipsum
606 1914 763 1968 mercatus
778 1909 891 1982 aravit,
907 1907 996 1968 dives
1011 1907 1112 1968 amico

375 2005 512 2067 Hercule
523 2005 549 2065 l'
565 2005 608 2079 Si,
624 2005 708 2082 qnod
723 2004 822 2080 adest,
837 2010 961 2081 gratum
978 2004 1075 2081 iuvat,
1091 2004 1149 2066 hac
1163 2025 1254 2084 prece
1269 2014 1301 2068 te
1314 2026 1384 2068 oro:

373 2103 495 2179 Pingue
509 2120 605 2180 pecus
621 2101 747 2161 domino
761 2101 860 2161 facias
875 2107 909 2160 et
922 2108 1026 2161 cetera
1039 2109 1163 2179 praeter

373 2199 551 2276 Ingenium,
565 2206 664 2276 utque
679 2198 770 2271 soles,
786 2205 891 2259 custos
906 2197 985 2256 mihi
1000 2196 1271 2261 maximus'adsis!
1406 2217 1435 2261 io

412 2297 497 2373 Ergo
511 2296 564 2356 ubi
580 2314 630 2356 me
646 2294 678 2355 in
693 2294 810 2356 montis
825 2295 904 2356 etin
920 2313 1023 2355 arcem
1038 2314 1077 2356 ex
1092 2297 1168 2357 urbe
1183 2298 1311 2373 removi,

297 2465 299 2469 Ι
372 2393 453 2465 Quid
469 2393 557 2471 prius
573 2392 738 2453 inlustrem
758 2390 875 2452 saturis
891 2390 1045 2468 Musaque
1060 2391 1226 2469 pedestri?

371 2490 403 2550 N
404 2508 439 2550 eo
453 2490 538 2550 mala
551 2509 602 2550 me
616 2489 749 2549 ambitio
764 2488 868 2566 perdit
882 2506 939 2547 neo
954 2485 1119 2565 plumbeus
1134 2488 1252 2548 Auster

371 2586 615 2663 Autumnusque
629 2586 745 2662 gravis,
761 2584 921 2644 Libitinae
935 2589 1085 2660 quaestus
1098 2584 1235 2644 acerbae.

371 2683 531 2743 Matutine
545 2689 644 2760 pater,
660 2700 715 2742 sen
732 2682 808 2741 Iane
823 2679 975 2741 libentius
989 2680 1090 2755 audis,

372 2778 466 2842 Unde
480 2779 624 2838 homines
638 2796 766 2857 operum
783 2778 902 2855 primos
918 2777 1063 2855 vitaeque
1079 2778 1200 2839 labores

371 2874 654 2936 Instituunt-sic
670 2874 719 2934 dis
734 2874 897 2952 placitum,
907 2879 992 2933 -tu
1007 2874 1155 2934 carminis
1170 2882 1238 2935 esto

370 2971 576 3049 Principium.
621 2971 740 3030 Romae
755 2987 937 3047 sponsorem
953 2988 1003 3029 me
1019 2969 1113 3047 rapis.
1158 2970 1268 3045 ‘Heia

370 3069 420 3130 Ne
434 3069 520 3147 prior
534 3067 635 3128 officio
649 3067 816 3145 quisquam
832 3068 1028 3145 respondeat,
1043 3068 1139 3143 urge!

370 3165 445 3226 Sive
460 3165 579 3242 Aquilo
594 3164 676 3224 radit
691 3170 790 3224 terras
805 3182 861 3224 seu
875 3164 987 3224 bruma
1000 3163 1135 3223 nivalem

370 3262 525 3322 interiore
540 3262 624 3321 diem
640 3279 718 3340 gyro
732 3260 841 3335 trahit,
856 3260 902 3320 ire
917 3278 1044 3320 necesse
1058 3267 1115 3320 est.

368 3358 549 3433 Postmodo,
564 3358 649 3435 quod
664 3357 706 3416 mi
722 3357 806 3417 obsit
819 3356 902 3416 clare
916 3363 1097 3434 certumque
1113 3355 1218 3417 locuto

368 3456 567 3517 Luctandum
584 3456 615 3513 in
632 3455 724 3525 turba
738 3461 770 3514 et
785 3454 931 3514 facienda
946 3453 1063 3513 iniuria
1076 3454 1184 3513 tardis.

368 3547 470 3623 ‘Quid
484 3552 543 3627 vis,
559 3552 678 3626 insane,
693 3557 726 3610 et
740 3569 818 3628 quas
833 3569 883 3610 res
897 3550 964 3626 agis
975 3551 1010 3607 ?'
1026 3550 1187 3628 improbus
1201 3557 1293 3628 urget

367 3649 465 3711 Iratis
479 3650 639 3727 precibus:
664 3650 727 3707 ‘Tu
743 3647 849 3725 pulses
864 3667 955 3708 omne
971 3648 1053 3725 quod
1068 3648 1183 3724 obstat,
1400 3663 1429 3709 ao

368 3746 419 3807 Ad
434 3747 648 3807 Maecenatem
664 3746 794 3805 memori
809 3745 835 3805 si
851 3752 955 3805 mente
971 3746 1132 3806 recurras!

367 3843 437 3904 Hoc
452 3845 541 3904 iuvat
554 3850 587 3903 et
601 3842 688 3902 melli
704 3850 761 3917 est,
778 3861 838 3903 nou
854 3842 996 3902 mentiar.
1040 3844 1085 3903 At
1099 3842 1193 3904 simul
1210 3850 1295 3905 atras

286 3991 291 4002 .
366 3941 503 4000 Ventum
519 3948 568 4001 est
583 3940 754 4017 Esquiliae,
769 3940 873 4000 aliena
887 3940 1014 4016 negotia
1028 3948 1152 4000 centum

366 4037 428 4098 Per
442 4045 538 4115 capnt
552 4044 583 4097 et
598 4038 680 4097 circa
695 4038 814 4097 saliunt
828 4036 922 4098 latus.
965 4038 1066 4098 ‘Ante
1081 4039 1249 4098 secundam

365 4134 498 4196 Roscius
513 4134 622 4195 orabat
635 4134 696 4194 sibi
712 4135 837 4195 adesses
852 4135 891 4194 ad
909 4134 1020 4194 Puteal
1035 4154 1112 4195 cras.
1396 4149 1426 4194 35

365 4231 413 4292 De
428 4250 461 4291 re
476 4231 632 4292 communi
648 4230 768 4292 scribae
784 4250 895 4307 magna
910 4238 1005 4308 atque
1019 4239 1146 4292 novate

365 4327 505 4390 Orabant
519 4328 614 4389 bodie
629 4327 837 4402 meminisses,
852 4328 977 4403 Quinte,
992 4329 1118 4390 reverti.
