3592 5067
369 922 432 989 vn]
825 922 938 971 mnan
960 922 982 971 1.

369 1092 493 1154 Obiciet
507 1110 599 1153 nemo
614 1091 716 1153 sordis
730 1092 820 1166 mihi,
835 1111 915 1169 quas
930 1092 999 1167 tibi,
1016 1090 1102 1167 Tilli,

326 1232 328 1236 -
369 1190 448 1252 Cum
462 1189 594 1249 Tiburte
609 1188 662 1248 via
675 1195 852 1267 praetorem
867 1189 1008 1268 quinque
1025 1194 1207 1267 sequuntur.

368 1290 412 1348 Te
427 1286 528 1367 pueri,
543 1286 687 1347 lasanum
701 1291 866 1365 portantes
880 1285 1167 1364 oenophorumque.

409 1385 479 1445 Hoc
493 1402 551 1462 ego
564 1383 758 1443 commodius
774 1401 868 1462 quam
883 1389 928 1458 tu,
944 1381 1103 1463 praeclare
1118 1389 1253 1460 senator,

368 1482 500 1542 Milibus
515 1488 611 1559 atque
625 1480 697 1541 aliis
713 1480 797 1540 vivo.
842 1481 1045 1558 Quacumque
1060 1478 1160 1541 libido
1174 1487 1232 1555 est,

368 1579 485 1640 Incede
500 1579 595 1653 solus,
611 1585 777 1657 percontor
791 1578 904 1656 quanti
919 1577 1012 1637 holus
1027 1596 1063 1638 ae
1077 1578 1137 1654 far,

368 1677 526 1737 Fallacem
540 1676 657 1737 circum
673 1677 952 1754 vespertinumque
966 1693 1093 1754 pererro

369 1775 468 1853 Saepe
482 1775 597 1849 forum,
612 1773 734 1834 adsisto
749 1773 877 1848 divinis,
890 1773 964 1833 inde
979 1772 1106 1832 domum
1122 1792 1172 1834 me

367 1872 419 1932 Ad
433 1870 519 1950 porri
534 1878 568 1931 et
581 1871 691 1931 ciceris
706 1870 810 1930 refero
821 1870 990 1948 laganique
1006 1870 1163 1947 eatinum3

367 1968 453 2030 Cena
466 1968 666 2028 ministratur
681 1967 787 2046 pueris
802 1968 914 2042 tribus,
930 1973 962 2027 et
977 1967 1060 2045 lapis
1075 1967 1165 2028 albus

368 2065 486 2126 Pocula
498 2084 569 2126 cum
584 2065 701 2145 cyatho
715 2065 778 2124 duo
792 2064 938 2139 sustinet,
955 2070 1041 2125 astat
1054 2065 1184 2126 echinus

367 2163 459 2236 Vilis,
474 2181 545 2222 cum
559 2169 668 2240 patera
682 2168 801 2238 guttus,
817 2162 979 2239 Campana
992 2161 1143 2238 supellex.

367 2260 491 2321 Deinde
505 2278 542 2319 eo
556 2259 736 2334 dormitum,
751 2278 815 2319 non
829 2257 994 2332 sollicitus,
1010 2258 1088 2317 mihi
1103 2259 1187 2337 quod
1201 2278 1270 2322 cras

368 2357 565 2433 Surgendum
580 2358 623 2418 sit
637 2375 738 2430 mane,
754 2356 916 2418 obeundus
932 2357 1069 2435 Marsya,
1086 2357 1190 2434 quise

367 2455 496 2514 Voltum
512 2454 596 2514 ferre
611 2461 706 2531 negat
720 2454 895 2513 Noviorum
912 2471 1003 2531 posse
1018 2452 1159 2514 minoris,

365 2550 419 2611 Ad
432 2557 576 2629 quartam
592 2552 693 2626 iaee03
717 2558 788 2629 post
803 2551 884 2611 hane
900 2569 996 2627 vagor
1010 2557 1066 2610 aut
1079 2570 1138 2628 ego
1151 2551 1234 2612 lecto

366 2647 435 2708 Aut
448 2648 566 2724 scripto
581 2638 665 2726 quod
680 2667 730 2707 me
745 2648 876 2708 tacitum
890 2648 985 2722 iuvet,
1001 2667 1123 2723 unguor
1137 2648 1230 2725 olive,

365 2745 440 2805 Non
454 2762 517 2822 quo
531 2744 687 2804 fraudatis
703 2744 885 2804 immundus
900 2745 1003 2804 Natta
1017 2744 1162 2806 lucernis.

365 2841 428 2900 Ast
442 2840 496 2900 ubi
511 2858 561 2900 me
575 2841 695 2900 fessum
711 2841 758 2902 sol
774 2841 874 2901 acrior
888 2841 935 2899 ire
951 2841 1090 2900 lavatum

366 2937 550 3011 Admonuit,
565 2937 653 3013 fugio
667 2955 813 3016 campum
829 2937 997 3015 lusumque
1012 2938 1177 3013 trigonem.

367 3034 505 3094 Pransus
519 3053 583 3093 non
597 3033 699 3106 avide,
713 3041 868 3112 quantum
884 3033 1066 3112 interpellet
1082 3034 1167 3094 inani

343 3158 346 3164 ⁴
365 3132 484 3191 Ventre
499 3131 581 3190 diem
596 3130 719 3205 durare,
735 3131 925 3192 domesticus
942 3131 1031 3190 otior.
1074 3132 1163 3192 Haec
1178 3138 1227 3193 est

365 3228 442 3288 Vita
456 3227 629 3288 solutorum
645 3228 761 3287 misera
774 3228 947 3288 ambitione
962 3228 1121 3306 gravique.

367 3325 429 3386 His
444 3344 493 3384 me
507 3324 650 3385 consolor
664 3324 822 3385 victurum
837 3325 976 3399 suavius,
992 3325 1069 3386 acsi

324 3487 327 3490 Α
366 3422 518 3492 Quaestor
532 3440 610 3483 avus
625 3428 715 3499 pater
729 3427 825 3499 atque
839 3440 927 3483 meus
943 3429 1136 3501 patruusque
1150 3424 1274 3485 fuisset.
