<?xml version="1.0" encoding="UTF-8"?>
<!DOCTYPE html PUBLIC "-//W3C//DTD XHTML 1.0 Transitional//EN"
    "http://www.w3.org/TR/xhtml1/DTD/xhtml1-transitional.dtd">
<html xmlns="http://www.w3.org/1999/xhtml" xml:lang="en" lang="en">
 <head>
  <title>
</title>
<meta http-equiv="Content-Type" content="text/html;charset=utf-8" />
  <meta name='ocr-system' content='tesseract 3.04.00' />
  <meta name='ocr-capabilities' content='ocr_page ocr_carea ocr_par ocr_line ocrx_word'/>
</head>
<body>
  <div class='ocr_page' id='page_1' title='image "./qhoratiflaccise00rolfgoog_0105.png"; bbox 0 0 3592 5067; ppageno 0'>
   <div class='ocr_carea' id='block_1_1' title="bbox 341 924 1000 1000">
    <p class='ocr_par' dir='ltr' id='par_1_1' title="bbox 341 924 1000 1000">
     <span class='ocr_line' id='line_1_1' title="bbox 341 924 1000 1000; baseline -0.005 -22"><span class='ocrx_word' id='word_1_1' title='bbox 341 994 345 1000; x_wconf 12' lang='grc' dir='ltr'>ἣ</span> <span class='ocrx_word' id='word_1_2' title='bbox 376 924 431 993; x_wconf 79' lang='lat' dir='ltr'>u]</span> <span class='ocrx_word' id='word_1_3' title='bbox 829 925 941 977; x_wconf 81' lang='lat' dir='ltr'>mnes</span> <span class='ocrx_word' id='word_1_4' title='bbox 965 926 1000 977; x_wconf 88' lang='lat'>11.</span> 
     </span>
    </p>
   </div>
   <div class='ocr_carea' id='block_1_2' title="bbox 370 1094 1300 2536">
    <p class='ocr_par' dir='ltr' id='par_1_2' title="bbox 370 1094 1268 2229">
     <span class='ocr_line' id='line_1_2' title="bbox 376 1094 1134 1176; baseline -0.003 -17"><span class='ocrx_word' id='word_1_5' title='bbox 376 1096 453 1159; x_wconf 89' lang='lat' dir='ltr'>Cum</span> <span class='ocrx_word' id='word_1_6' title='bbox 466 1099 573 1175; x_wconf 89' lang='lat' dir='ltr'>stupet</span> <span class='ocrx_word' id='word_1_7' title='bbox 588 1094 710 1158; x_wconf 83' lang='lat' dir='ltr'>insanis</span> <span class='ocrx_word' id='word_1_8' title='bbox 725 1097 809 1160; x_wconf 88' lang='lat' dir='ltr'>acies</span> <span class='ocrx_word' id='word_1_9' title='bbox 824 1098 1002 1176; x_wconf 86' lang='lat' dir='ltr'>fulgoribus</span> <span class='ocrx_word' id='word_1_10' title='bbox 1017 1105 1134 1159; x_wconf 89' lang='lat' dir='ltr'>etcum</span> 
     </span>
     <span class='ocr_line' id='line_1_3' title="bbox 375 1192 1062 1271; baseline 0 -16"><span class='ocrx_word' id='word_1_11' title='bbox 375 1194 521 1257; x_wconf 87' lang='lat' dir='ltr'>Adclinis</span> <span class='ocrx_word' id='word_1_12' title='bbox 537 1192 630 1254; x_wconf 80' lang='lat' dir='ltr'>falsis</span> <span class='ocrx_word' id='word_1_13' title='bbox 644 1194 769 1257; x_wconf 89' lang='lat' dir='ltr'>animus</span> <span class='ocrx_word' id='word_1_14' title='bbox 785 1195 917 1258; x_wconf 80' lang='lat' dir='ltr'>meliora</span> <span class='ocrx_word' id='word_1_15' title='bbox 931 1202 1062 1271; x_wconf 83' lang='lat' dir='ltr'><strong>recusat,</strong></span> 
     </span>
     <span class='ocr_line' id='line_1_4' title="bbox 374 1290 1268 1373; baseline -0.001 -19"><span class='ocrx_word' id='word_1_16' title='bbox 374 1293 492 1354; x_wconf 87' lang='lat' dir='ltr'>Verum</span> <span class='ocrx_word' id='word_1_17' title='bbox 508 1290 561 1352; x_wconf 88' lang='lat' dir='ltr'>hio</span> <span class='ocrx_word' id='word_1_18' title='bbox 575 1292 727 1370; x_wconf 85' lang='lat' dir='ltr'><strong>impransi</strong></span> <span class='ocrx_word' id='word_1_19' title='bbox 744 1311 866 1354; x_wconf 89' lang='lat' dir='ltr'>mecum</span> <span class='ocrx_word' id='word_1_20' title='bbox 884 1293 1060 1373; x_wconf 79' lang='lat' dir='ltr'>disquirite.</span> <span class='ocrx_word' id='word_1_21' title='bbox 1104 1293 1168 1354; x_wconf 87' lang='lat' dir='ltr'>Cur</span> <span class='ocrx_word' id='word_1_22' title='bbox 1182 1292 1268 1353; x_wconf 85' lang='lat' dir='ltr'>hoc?</span> 
     </span>
     <span class='ocr_line' id='line_1_5' title="bbox 374 1389 1216 1468; baseline 0.002 -19"><span class='ocrx_word' id='word_1_23' title='bbox 374 1390 495 1466; x_wconf 86' lang='lat' dir='ltr'>Dicam,</span> <span class='ocrx_word' id='word_1_24' title='bbox 511 1390 538 1452; x_wconf 92' lang='lat' dir='ltr'>si</span> <span class='ocrx_word' id='word_1_25' title='bbox 553 1398 670 1468; x_wconf 89' lang='lat' dir='ltr'>potero.</span> <span class='ocrx_word' id='word_1_26' title='bbox 715 1391 799 1452; x_wconf 89' lang='lat' dir='ltr'>Male</span> <span class='ocrx_word' id='word_1_27' title='bbox 815 1411 923 1452; x_wconf 86' lang='lat' dir='ltr'>verum</span> <span class='ocrx_word' id='word_1_28' title='bbox 940 1392 1100 1453; x_wconf 84' lang='lat' dir='ltr'>examinat</span> <span class='ocrx_word' id='word_1_29' title='bbox 1113 1389 1216 1452; x_wconf 91' lang='lat' dir='ltr'>omnis</span> 
     </span>
     <span class='ocr_line' id='line_1_6' title="bbox 373 1487 1157 1569; baseline -0.003 -18"><span class='ocrx_word' id='word_1_30' title='bbox 373 1489 548 1567; x_wconf 78' lang='lat' dir='ltr'>Corruptus</span> <span class='ocrx_word' id='word_1_31' title='bbox 563 1487 667 1550; x_wconf 86' lang='lat' dir='ltr'>iudex.</span> <span class='ocrx_word' id='word_1_32' title='bbox 713 1490 865 1569; x_wconf 85' lang='lat' dir='ltr'>Leporem</span> <span class='ocrx_word' id='word_1_33' title='bbox 883 1497 1022 1551; x_wconf 83' lang='lat' dir='ltr'>sectatus</span> <span class='ocrx_word' id='word_1_34' title='bbox 1036 1508 1157 1569; x_wconf 83' lang='lat' dir='ltr'>equove</span> 
     </span>
     <span class='ocr_line' id='line_1_7' title="bbox 374 1587 1125 1664; baseline 0.001 -18"><span class='ocrx_word' id='word_1_35' title='bbox 374 1587 491 1649; x_wconf 80' lang='lat' dir='ltr'>Lassus</span> <span class='ocrx_word' id='word_1_36' title='bbox 506 1588 547 1648; x_wconf 91' lang='lat' dir='ltr'>ab</span> <span class='ocrx_word' id='word_1_37' title='bbox 561 1587 716 1650; x_wconf 88' lang='lat' dir='ltr'>indomito</span> <span class='ocrx_word' id='word_1_38' title='bbox 731 1589 791 1663; x_wconf 89' lang='lat' dir='ltr'>vel,</span> <span class='ocrx_word' id='word_1_39' title='bbox 807 1589 834 1650; x_wconf 93' lang='lat' dir='ltr'>si</span> <span class='ocrx_word' id='word_1_40' title='bbox 851 1589 995 1649; x_wconf 86' lang='lat' dir='ltr'>Romana</span> <span class='ocrx_word' id='word_1_41' title='bbox 1009 1588 1125 1664; x_wconf 89' lang='lat' dir='ltr'>fatigat</span> 
     </span>
     <span class='ocr_line' id='line_1_8' title="bbox 373 1684 1097 1765; baseline 0.003 -22"><span class='ocrx_word' id='word_1_42' title='bbox 373 1684 494 1744; x_wconf 91' lang='lat' dir='ltr'>Militia</span> <span class='ocrx_word' id='word_1_43' title='bbox 507 1685 671 1746; x_wconf 89' lang='lat' dir='ltr'>adsuetum</span> <span class='ocrx_word' id='word_1_44' title='bbox 688 1686 837 1764; x_wconf 83' lang='lat' dir='ltr'>graecari,</span> <span class='ocrx_word' id='word_1_45' title='bbox 854 1705 910 1747; x_wconf 90' lang='lat' dir='ltr'>seu</span> <span class='ocrx_word' id='word_1_46' title='bbox 926 1686 992 1765; x_wconf 87' lang='lat' dir='ltr'>pila</span> <span class='ocrx_word' id='word_1_47' title='bbox 1006 1684 1097 1745; x_wconf 87' lang='lat' dir='ltr'>velox</span> 
     </span>
     <span class='ocr_line' id='line_1_9' title="bbox 373 1781 1114 1845; baseline 0.001 -4"><span class='ocrx_word' id='word_1_48' title='bbox 373 1781 515 1841; x_wconf 91' lang='lat' dir='ltr'>Molliter</span> <span class='ocrx_word' id='word_1_49' title='bbox 529 1790 689 1843; x_wconf 88' lang='lat' dir='ltr'>austerum</span> <span class='ocrx_word' id='word_1_50' title='bbox 706 1784 813 1845; x_wconf 90' lang='lat' dir='ltr'>studio</span> <span class='ocrx_word' id='word_1_51' title='bbox 828 1782 961 1844; x_wconf 85' lang='lat' dir='ltr'>fallente</span> <span class='ocrx_word' id='word_1_52' title='bbox 976 1783 1114 1844; x_wconf 86' lang='lat' dir='ltr'>laborem</span> 
     </span>
     <span class='ocr_line' id='line_1_10' title="bbox 373 1876 1169 1957; baseline 0.004 -19"><span class='ocrx_word' id='word_1_53' title='bbox 373 1876 434 1938; x_wconf 87' lang='lat' dir='ltr'>Seu</span> <span class='ocrx_word' id='word_1_54' title='bbox 449 1885 482 1938; x_wconf 91' lang='lat' dir='ltr'>te</span> <span class='ocrx_word' id='word_1_55' title='bbox 497 1878 604 1939; x_wconf 87' lang='lat' dir='ltr'>discus</span> <span class='ocrx_word' id='word_1_56' title='bbox 618 1879 696 1955; x_wconf 86' lang='lat' dir='ltr'>agit,</span> <span class='ocrx_word' id='word_1_57' title='bbox 712 1887 784 1957; x_wconf 87' lang='lat' dir='ltr'>pete</span> <span class='ocrx_word' id='word_1_58' title='bbox 799 1880 961 1940; x_wconf 87' lang='lat' dir='ltr'>cedentem</span> <span class='ocrx_word' id='word_1_59' title='bbox 977 1890 1050 1941; x_wconf 76' lang='lat' dir='ltr'>aera</span> <span class='ocrx_word' id='word_1_60' title='bbox 1064 1880 1169 1953; x_wconf 88' lang='lat' dir='ltr'>disco;</span> 
     </span>
     <span class='ocr_line' id='line_1_11' title="bbox 372 1973 1134 2051; baseline 0 -15"><span class='ocrx_word' id='word_1_61' title='bbox 372 1974 450 2036; x_wconf 90' lang='lat' dir='ltr'>Cum</span> <span class='ocrx_word' id='word_1_62' title='bbox 466 1973 554 2034; x_wconf 90' lang='lat' dir='ltr'>labor</span> <span class='ocrx_word' id='word_1_63' title='bbox 569 1975 730 2035; x_wconf 82' lang='lat' dir='ltr'>extuderit</span> <span class='ocrx_word' id='word_1_64' title='bbox 746 1976 886 2051; x_wconf 86' lang='lat' dir='ltr'>fastidia,</span> <span class='ocrx_word' id='word_1_65' title='bbox 903 1977 1014 2051; x_wconf 90' lang='lat' dir='ltr'>siccus,</span> <span class='ocrx_word' id='word_1_66' title='bbox 1030 1977 1134 2037; x_wconf 91' lang='lat' dir='ltr'>inanis</span> 
     </span>
     <span class='ocr_line' id='line_1_12' title="bbox 372 2071 1267 2151; baseline 0.001 -19"><span class='ocrx_word' id='word_1_67' title='bbox 372 2071 491 2149; x_wconf 87' lang='lat' dir='ltr'>Sperne</span> <span class='ocrx_word' id='word_1_68' title='bbox 505 2071 610 2131; x_wconf 89' lang='lat' dir='ltr'>cibum</span> <span class='ocrx_word' id='word_1_69' title='bbox 625 2072 739 2148; x_wconf 81' lang='lat' dir='ltr'>vilem3</span> <span class='ocrx_word' id='word_1_70' title='bbox 763 2072 825 2132; x_wconf 90' lang='lat' dir='ltr'>nisi</span> <span class='ocrx_word' id='word_1_71' title='bbox 841 2073 1010 2151; x_wconf 85' lang='lat' dir='ltr'>Hymettia</span> <span class='ocrx_word' id='word_1_72' title='bbox 1024 2072 1119 2133; x_wconf 92' lang='lat' dir='ltr'>mella</span> <span class='ocrx_word' id='word_1_73' title='bbox 1133 2072 1267 2133; x_wconf 81' lang='lat' dir='ltr'>Falerno</span> 
     </span>
     <span class='ocr_line' id='line_1_13' title="bbox 370 2167 679 2229; baseline 0 -1"><span class='ocrx_word' id='word_1_74' title='bbox 370 2168 420 2228; x_wconf 87' lang='lat' dir='ltr'>Ne</span> <span class='ocrx_word' id='word_1_75' title='bbox 435 2167 552 2229; x_wconf 92' lang='lat' dir='ltr'>biberis</span> <span class='ocrx_word' id='word_1_76' title='bbox 568 2167 679 2228; x_wconf 90' lang='lat' dir='ltr'>diluta.</span> 
     </span>
    </p>

    <p class='ocr_par' dir='ltr' id='par_1_3' title="bbox 370 2265 1300 2536">
     <span class='ocr_line' id='line_1_14' title="bbox 722 2265 1193 2344; baseline 0 -19"><span class='ocrx_word' id='word_1_77' title='bbox 722 2265 812 2326; x_wconf 87' lang='lat' dir='ltr'>Foris</span> <span class='ocrx_word' id='word_1_78' title='bbox 827 2271 876 2325; x_wconf 88' lang='lat' dir='ltr'>est</span> <span class='ocrx_word' id='word_1_79' title='bbox 890 2275 1028 2344; x_wconf 77' lang='lat' dir='ltr'>promus,</span> <span class='ocrx_word' id='word_1_80' title='bbox 1044 2273 1076 2326; x_wconf 94' lang='lat' dir='ltr'>et</span> <span class='ocrx_word' id='word_1_81' title='bbox 1090 2273 1193 2325; x_wconf 91' lang='lat' dir='ltr'>atrum</span> 
     </span>
     <span class='ocr_line' id='line_1_15' title="bbox 370 2361 1201 2441; baseline 0 -19"><span class='ocrx_word' id='word_1_82' title='bbox 370 2362 554 2423; x_wconf 88' lang='lat' dir='ltr'>Defendens</span> <span class='ocrx_word' id='word_1_83' title='bbox 569 2361 667 2440; x_wconf 91' lang='lat' dir='ltr'>piscis</span> <span class='ocrx_word' id='word_1_84' title='bbox 682 2361 803 2422; x_wconf 89' lang='lat' dir='ltr'>hiemat</span> <span class='ocrx_word' id='word_1_85' title='bbox 818 2382 920 2438; x_wconf 90' lang='lat' dir='ltr'>mare;</span> <span class='ocrx_word' id='word_1_86' title='bbox 942 2382 1014 2423; x_wconf 92' lang='lat' dir='ltr'>cum</span> <span class='ocrx_word' id='word_1_87' title='bbox 1029 2363 1094 2423; x_wconf 89' lang='lat' dir='ltr'>sale</span> <span class='ocrx_word' id='word_1_88' title='bbox 1109 2363 1201 2441; x_wconf 90' lang='lat' dir='ltr'>panis</span> 
     </span>
     <span class='ocr_line' id='line_1_16' title="bbox 370 2457 1300 2536; baseline 0.002 -19"><span class='ocrx_word' id='word_1_89' title='bbox 370 2457 555 2519; x_wconf 87' lang='lat' dir='ltr'>Latrantem</span> <span class='ocrx_word' id='word_1_90' title='bbox 570 2458 768 2519; x_wconf 84' lang='lat' dir='ltr'>stomachum</span> <span class='ocrx_word' id='word_1_91' title='bbox 783 2459 862 2519; x_wconf 89' lang='lat' dir='ltr'>bene</span> <span class='ocrx_word' id='word_1_92' title='bbox 877 2459 983 2519; x_wconf 91' lang='lat' dir='ltr'>leniet.</span> <span class='ocrx_word' id='word_1_93' title='bbox 1027 2459 1122 2519; x_wconf 89' lang='lat' dir='ltr'>Unde</span> <span class='ocrx_word' id='word_1_94' title='bbox 1137 2465 1229 2536; x_wconf 90' lang='lat' dir='ltr'>putas</span> <span class='ocrx_word' id='word_1_95' title='bbox 1244 2465 1300 2519; x_wconf 87' lang='lat' dir='ltr'>aut</span> 
     </span>
    </p>
   </div>
   <div class='ocr_carea' id='block_1_3' title="bbox 369 2555 1275 2729">
    <p class='ocr_par' dir='ltr' id='par_1_4' title="bbox 369 2555 1275 2729">
     <span class='ocr_line' id='line_1_17' title="bbox 369 2555 1132 2633; baseline 0.001 -18"><span class='ocrx_word' id='word_1_96' title='bbox 369 2555 428 2626; x_wconf 84' lang='lat' dir='ltr'>Qui</span> <span class='ocrx_word' id='word_1_97' title='bbox 444 2558 595 2633; x_wconf 84' lang='lat' dir='ltr'>partum?</span> <span class='ocrx_word' id='word_1_98' title='bbox 637 2558 711 2615; x_wconf 85' lang='lat' dir='ltr'>Non</span> <span class='ocrx_word' id='word_1_99' title='bbox 727 2557 760 2614; x_wconf 92' lang='lat' dir='ltr'>in</span> <span class='ocrx_word' id='word_1_100' title='bbox 775 2574 847 2615; x_wconf 89' lang='lat' dir='ltr'>caro</span> <span class='ocrx_word' id='word_1_101' title='bbox 861 2556 970 2615; x_wconf 90' lang='lat' dir='ltr'>nidore</span> <span class='ocrx_word' id='word_1_102' title='bbox 986 2555 1132 2633; x_wconf 86' lang='lat' dir='ltr'>voluptas</span> 
     </span>
     <span class='ocr_line' id='line_1_18' title="bbox 370 2650 1275 2729; baseline 0.002 -18"><span class='ocrx_word' id='word_1_103' title='bbox 370 2650 508 2725; x_wconf 88' lang='lat' dir='ltr'>Summa,</span> <span class='ocrx_word' id='word_1_104' title='bbox 523 2652 579 2711; x_wconf 92' lang='lat' dir='ltr'>sed</span> <span class='ocrx_word' id='word_1_105' title='bbox 595 2652 627 2710; x_wconf 93' lang='lat' dir='ltr'>in</span> <span class='ocrx_word' id='word_1_106' title='bbox 640 2658 671 2711; x_wconf 87' lang='lat' dir='ltr'>te</span> <span class='ocrx_word' id='word_1_107' title='bbox 688 2652 757 2729; x_wconf 92' lang='lat' dir='ltr'>ipso</span> <span class='ocrx_word' id='word_1_108' title='bbox 771 2657 828 2712; x_wconf 92' lang='lat' dir='ltr'>est.</span> <span class='ocrx_word' id='word_1_109' title='bbox 871 2654 920 2710; x_wconf 87' lang='lat' dir='ltr'>Tu</span> <span class='ocrx_word' id='word_1_110' title='bbox 935 2652 1147 2729; x_wconf 88' lang='lat' dir='ltr'>pulmentaria</span> <span class='ocrx_word' id='word_1_111' title='bbox 1160 2670 1275 2729; x_wconf 86' lang='lat' dir='ltr'>quaere</span> 
     </span>
    </p>
   </div>
   <div class='ocr_carea' id='block_1_4' title="bbox 363 2747 1389 4373">
    <p class='ocr_par' dir='ltr' id='par_1_5' title="bbox 363 2747 1389 4373">
     <span class='ocr_line' id='line_1_19' title="bbox 370 2747 1234 2827; baseline 0 -19"><span class='ocrx_word' id='word_1_112' title='bbox 370 2747 535 2822; x_wconf 81' lang='lat' dir='ltr'>Sudand03</span> <span class='ocrx_word' id='word_1_113' title='bbox 558 2747 708 2825; x_wconf 83' lang='lat' dir='ltr'>pinguem</span> <span class='ocrx_word' id='word_1_114' title='bbox 724 2747 813 2807; x_wconf 89' lang='lat' dir='ltr'>vitiis</span> <span class='ocrx_word' id='word_1_115' title='bbox 828 2748 998 2827; x_wconf 89' lang='lat' dir='ltr'>albumque</span> <span class='ocrx_word' id='word_1_116' title='bbox 1012 2765 1114 2823; x_wconf 90' lang='lat' dir='ltr'>neque</span> <span class='ocrx_word' id='word_1_117' title='bbox 1129 2757 1234 2808; x_wconf 87' lang='lat' dir='ltr'>ostrea</span> 
     </span>
     <span class='ocr_line' id='line_1_20' title="bbox 368 2843 1189 2921; baseline 0 -18"><span class='ocrx_word' id='word_1_118' title='bbox 368 2843 436 2903; x_wconf 90' lang='lat' dir='ltr'>Neo</span> <span class='ocrx_word' id='word_1_119' title='bbox 451 2862 558 2904; x_wconf 88' lang='lat' dir='ltr'>scarus</span> <span class='ocrx_word' id='word_1_120' title='bbox 573 2850 629 2903; x_wconf 91' lang='lat' dir='ltr'>aut</span> <span class='ocrx_word' id='word_1_121' title='bbox 639 2843 762 2921; x_wconf 85' lang='lat' dir='ltr'>¹poterit</span> <span class='ocrx_word' id='word_1_122' title='bbox 776 2845 942 2921; x_wconf 88' lang='lat' dir='ltr'>peregrina</span> <span class='ocrx_word' id='word_1_123' title='bbox 956 2844 1064 2903; x_wconf 86' lang='lat' dir='ltr'>iuvare</span> <span class='ocrx_word' id='word_1_124' title='bbox 1079 2843 1189 2919; x_wconf 82' lang='lat' dir='ltr'>lagois.</span> 
     </span>
     <span class='ocr_line' id='line_1_21' title="bbox 408 2940 1192 3018; baseline -0.001 -19"><span class='ocrx_word' id='word_1_125' title='bbox 408 2940 471 3000; x_wconf 88' lang='lat' dir='ltr'>Vix</span> <span class='ocrx_word' id='word_1_126' title='bbox 486 2947 591 2999; x_wconf 89' lang='lat' dir='ltr'>tamen</span> <span class='ocrx_word' id='word_1_127' title='bbox 606 2940 749 3016; x_wconf 87' lang='lat' dir='ltr'>eripiam,</span> <span class='ocrx_word' id='word_1_128' title='bbox 765 2940 869 3017; x_wconf 88' lang='lat' dir='ltr'>posito</span> <span class='ocrx_word' id='word_1_129' title='bbox 883 2958 1004 3018; x_wconf 90' lang='lat' dir='ltr'>pavone</span> <span class='ocrx_word' id='word_1_130' title='bbox 1019 2940 1099 3000; x_wconf 85' lang='lat' dir='ltr'>velis</span> <span class='ocrx_word' id='word_1_131' title='bbox 1114 2940 1192 3017; x_wconf 89' lang='lat' dir='ltr'>quin</span> 
     </span>
     <span class='ocr_line' id='line_1_22' title="bbox 368 3035 1109 3115; baseline -0.001 -20"><span class='ocrx_word' id='word_1_132' title='bbox 368 3036 438 3097; x_wconf 85' lang='lat' dir='ltr'>Hoc</span> <span class='ocrx_word' id='word_1_133' title='bbox 452 3035 558 3114; x_wconf 87' lang='lat' dir='ltr'>potins</span> <span class='ocrx_word' id='word_1_134' title='bbox 574 3054 668 3113; x_wconf 90' lang='lat' dir='ltr'>quam</span> <span class='ocrx_word' id='word_1_135' title='bbox 684 3035 805 3111; x_wconf 87' lang='lat' dir='ltr'>gallina</span> <span class='ocrx_word' id='word_1_136' title='bbox 819 3042 940 3113; x_wconf 86' lang='lat' dir='ltr'>tergere</span> <span class='ocrx_word' id='word_1_137' title='bbox 955 3037 1109 3115; x_wconf 90' lang='lat' dir='ltr'>palatum,</span> 
     </span>
     <span class='ocr_line' id='line_1_23' title="bbox 367 3132 1083 3210; baseline -0.006 -16"><span class='ocrx_word' id='word_1_138' title='bbox 367 3132 541 3210; x_wconf 90' lang='lat' dir='ltr'>Corruptus</span> <span class='ocrx_word' id='word_1_139' title='bbox 556 3132 647 3193; x_wconf 87' lang='lat' dir='ltr'>vanis</span> <span class='ocrx_word' id='word_1_140' title='bbox 662 3150 776 3206; x_wconf 89' lang='lat' dir='ltr'>rerum,</span> <span class='ocrx_word' id='word_1_141' title='bbox 793 3134 866 3209; x_wconf 90' lang='lat' dir='ltr'>quia</span> <span class='ocrx_word' id='word_1_142' title='bbox 881 3139 993 3193; x_wconf 88' lang='lat' dir='ltr'>veneat</span> <span class='ocrx_word' id='word_1_143' title='bbox 1006 3150 1083 3192; x_wconf 90' lang='lat' dir='ltr'>auro</span> 
     </span>
     <span class='ocr_line' id='line_1_24' title="bbox 366 3228 1141 3306; baseline -0.001 -17"><span class='ocrx_word' id='word_1_144' title='bbox 366 3229 452 3289; x_wconf 85' lang='lat' dir='ltr'>Rara</span> <span class='ocrx_word' id='word_1_145' title='bbox 465 3228 534 3289; x_wconf 85' lang='lat' dir='ltr'>avis</span> <span class='ocrx_word' id='word_1_146' title='bbox 549 3235 581 3288; x_wconf 90' lang='lat' dir='ltr'>et</span> <span class='ocrx_word' id='word_1_147' title='bbox 596 3229 682 3306; x_wconf 88' lang='lat' dir='ltr'>picta</span> <span class='ocrx_word' id='word_1_148' title='bbox 696 3228 816 3306; x_wconf 91' lang='lat' dir='ltr'>pandat</span> <span class='ocrx_word' id='word_1_149' title='bbox 830 3228 1010 3306; x_wconf 87' lang='lat' dir='ltr'>spectacula</span> <span class='ocrx_word' id='word_1_150' title='bbox 1024 3228 1125 3288; x_wconf 86' lang='lat' dir='ltr'>cauda</span> <span class='ocrx_word' id='word_1_151' title='bbox 1133 3251 1141 3304; x_wconf 88' lang='lat'>;</span> 
     </span>
     <span class='ocr_line' id='line_1_25' title="bbox 365 3325 1389 3403; baseline 0.004 -18"><span class='ocrx_word' id='word_1_152' title='bbox 365 3327 540 3403; x_wconf 86' lang='lat' dir='ltr'>Tamquam</span> <span class='ocrx_word' id='word_1_153' title='bbox 556 3326 596 3385; x_wconf 86' lang='lat' dir='ltr'>ad</span> <span class='ocrx_word' id='word_1_154' title='bbox 612 3344 674 3385; x_wconf 88' lang='lat' dir='ltr'>rem</span> <span class='ocrx_word' id='word_1_155' title='bbox 692 3325 829 3385; x_wconf 88' lang='lat' dir='ltr'>attineat</span> <span class='ocrx_word' id='word_1_156' title='bbox 843 3326 1020 3403; x_wconf 89' lang='lat' dir='ltr'>quicquam.</span> <span class='ocrx_word' id='word_1_157' title='bbox 1063 3326 1151 3385; x_wconf 86' lang='lat' dir='ltr'>Num</span> <span class='ocrx_word' id='word_1_158' title='bbox 1166 3327 1302 3387; x_wconf 86' lang='lat' dir='ltr'>vesceris</span> <span class='ocrx_word' id='word_1_159' title='bbox 1317 3328 1389 3402; x_wconf 83' lang='lat' dir='ltr'>ista,</span> 
     </span>
     <span class='ocr_line' id='line_1_26' title="bbox 365 3421 1321 3500; baseline 0.002 -18"><span class='ocrx_word' id='word_1_160' title='bbox 365 3422 464 3493; x_wconf 84' lang='lat' dir='ltr'>Quam</span> <span class='ocrx_word' id='word_1_161' title='bbox 479 3422 600 3496; x_wconf 89' lang='lat' dir='ltr'>laudas,</span> <span class='ocrx_word' id='word_1_162' title='bbox 616 3421 750 3500; x_wconf 86' lang='lat' dir='ltr'>pluma?</span> <span class='ocrx_word' id='word_1_163' title='bbox 795 3421 890 3482; x_wconf 87' lang='lat' dir='ltr'>Cooto</span> <span class='ocrx_word' id='word_1_164' title='bbox 901 3442 975 3481; x_wconf 90' lang='lat' dir='ltr'>num</span> <span class='ocrx_word' id='word_1_165' title='bbox 992 3422 1083 3482; x_wconf 90' lang='lat' dir='ltr'>adest</span> <span class='ocrx_word' id='word_1_166' title='bbox 1097 3422 1196 3482; x_wconf 91' lang='lat' dir='ltr'>honor</span> <span class='ocrx_word' id='word_1_167' title='bbox 1212 3423 1321 3484; x_wconf 89' lang='lat' dir='ltr'>idem?</span> 
     </span>
     <span class='ocr_line' id='line_1_27' title="bbox 365 3518 1226 3597; baseline -0.001 -18"><span class='ocrx_word' id='word_1_168' title='bbox 365 3518 467 3579; x_wconf 89' lang='lat' dir='ltr'>Carne</span> <span class='ocrx_word' id='word_1_169' title='bbox 481 3525 585 3578; x_wconf 91' lang='lat' dir='ltr'>tamen</span> <span class='ocrx_word' id='word_1_170' title='bbox 601 3518 746 3597; x_wconf 88' lang='lat' dir='ltr'>quamvis</span> <span class='ocrx_word' id='word_1_171' title='bbox 762 3518 861 3579; x_wconf 88' lang='lat' dir='ltr'>distat</span> <span class='ocrx_word' id='word_1_172' title='bbox 875 3518 932 3593; x_wconf 90' lang='lat' dir='ltr'>nil,</span> <span class='ocrx_word' id='word_1_173' title='bbox 948 3518 1006 3578; x_wconf 91' lang='lat' dir='ltr'>hac</span> <span class='ocrx_word' id='word_1_174' title='bbox 1020 3518 1122 3595; x_wconf 88' lang='lat' dir='ltr'>magis</span> <span class='ocrx_word' id='word_1_175' title='bbox 1138 3518 1226 3578; x_wconf 87' lang='lat' dir='ltr'>illam</span> 
     </span>
     <span class='ocr_line' id='line_1_28' title="bbox 365 3615 1174 3694; baseline 0 -19"><span class='ocrx_word' id='word_1_176' title='bbox 365 3615 545 3694; x_wconf 91' lang='lat' dir='ltr'>Imparibus</span> <span class='ocrx_word' id='word_1_177' title='bbox 558 3615 669 3676; x_wconf 85' lang='lat' dir='ltr'>formis</span> <span class='ocrx_word' id='word_1_178' title='bbox 685 3615 850 3692; x_wconf 88' lang='lat' dir='ltr'>deceptum</span> <span class='ocrx_word' id='word_1_179' title='bbox 866 3622 898 3674; x_wconf 90' lang='lat' dir='ltr'>te</span> <span class='ocrx_word' id='word_1_180' title='bbox 913 3618 1037 3693; x_wconf 82' lang='lat' dir='ltr'>petere!</span> <span class='ocrx_word' id='word_1_181' title='bbox 1080 3617 1174 3676; x_wconf 83' lang='lat' dir='ltr'>Esto:</span> 
     </span>
     <span class='ocr_line' id='line_1_29' title="bbox 365 3712 1206 3789; baseline 0 -17"><span class='ocrx_word' id='word_1_182' title='bbox 365 3712 459 3773; x_wconf 91' lang='lat' dir='ltr'>Unde</span> <span class='ocrx_word' id='word_1_183' title='bbox 474 3712 583 3772; x_wconf 90' lang='lat' dir='ltr'>datum</span> <span class='ocrx_word' id='word_1_184' title='bbox 600 3712 708 3786; x_wconf 89' lang='lat' dir='ltr'>sentis,</span> <span class='ocrx_word' id='word_1_185' title='bbox 725 3712 819 3789; x_wconf 90' lang='lat' dir='ltr'>lupus</span> <span class='ocrx_word' id='word_1_186' title='bbox 834 3712 886 3771; x_wconf 90' lang='lat' dir='ltr'>hic</span> <span class='ocrx_word' id='word_1_187' title='bbox 901 3712 1069 3773; x_wconf 89' lang='lat' dir='ltr'>Tiberinus</span> <span class='ocrx_word' id='word_1_188' title='bbox 1085 3731 1124 3772; x_wconf 90' lang='lat' dir='ltr'>an</span> <span class='ocrx_word' id='word_1_189' title='bbox 1140 3713 1206 3772; x_wconf 89' lang='lat' dir='ltr'>alto</span> 
     </span>
     <span class='ocr_line' id='line_1_30' title="bbox 364 3808 1212 3887; baseline 0 -17"><span class='ocrx_word' id='word_1_190' title='bbox 364 3808 483 3887; x_wconf 82' lang='lat' dir='ltr'>Captus</span> <span class='ocrx_word' id='word_1_191' title='bbox 499 3808 593 3869; x_wconf 88' lang='lat' dir='ltr'>hiet?</span> <span class='ocrx_word' id='word_1_192' title='bbox 635 3809 788 3870; x_wconf 90' lang='lat' dir='ltr'>Pontisne</span> <span class='ocrx_word' id='word_1_193' title='bbox 805 3810 887 3869; x_wconf 90' lang='lat' dir='ltr'>inter</span> <span class='ocrx_word' id='word_1_194' title='bbox 902 3810 1038 3868; x_wconf 87' lang='lat' dir='ltr'>iactatus</span> <span class='ocrx_word' id='word_1_195' title='bbox 1054 3828 1093 3870; x_wconf 91' lang='lat' dir='ltr'>au</span> <span class='ocrx_word' id='word_1_196' title='bbox 1108 3810 1212 3870; x_wconf 90' lang='lat' dir='ltr'>amnis</span> 
     </span>
     <span class='ocr_line' id='line_1_31' title="bbox 364 3904 1148 3982; baseline -0.003 -15"><span class='ocrx_word' id='word_1_197' title='bbox 364 3904 455 3967; x_wconf 89' lang='lat' dir='ltr'>Ostia</span> <span class='ocrx_word' id='word_1_198' title='bbox 469 3906 528 3967; x_wconf 90' lang='lat' dir='ltr'>sub</span> <span class='ocrx_word' id='word_1_199' title='bbox 543 3906 664 3966; x_wconf 81' lang='lat' dir='ltr'>Tusci?</span> <span class='ocrx_word' id='word_1_200' title='bbox 707 3906 842 3982; x_wconf 90' lang='lat' dir='ltr'>Laudas,</span> <span class='ocrx_word' id='word_1_201' title='bbox 860 3906 978 3980; x_wconf 87' lang='lat' dir='ltr'>insane,</span> <span class='ocrx_word' id='word_1_202' title='bbox 994 3906 1148 3966; x_wconf 88' lang='lat' dir='ltr'>trilibrem</span> 
     </span>
     <span class='ocr_line' id='line_1_32' title="bbox 364 4002 1341 4081; baseline 0.002 -19"><span class='ocrx_word' id='word_1_203' title='bbox 364 4002 510 4076; x_wconf 91' lang='lat' dir='ltr'>Mullum,</span> <span class='ocrx_word' id='word_1_204' title='bbox 526 4002 559 4061; x_wconf 91' lang='lat' dir='ltr'>in</span> <span class='ocrx_word' id='word_1_205' title='bbox 574 4002 702 4080; x_wconf 86' lang='lat' dir='ltr'>singula</span> <span class='ocrx_word' id='word_1_206' title='bbox 716 4022 808 4081; x_wconf 91' lang='lat' dir='ltr'>quem</span> <span class='ocrx_word' id='word_1_207' title='bbox 826 4004 948 4063; x_wconf 91' lang='lat' dir='ltr'>minuas</span> <span class='ocrx_word' id='word_1_208' title='bbox 964 4003 1128 4081; x_wconf 83' lang='lat' dir='ltr'>pulmenta</span> <span class='ocrx_word' id='word_1_209' title='bbox 1144 4022 1269 4065; x_wconf 88' lang='lat' dir='ltr'>necesse</span> <span class='ocrx_word' id='word_1_210' title='bbox 1285 4014 1341 4065; x_wconf 91' lang='lat' dir='ltr'>est.</span> 
     </span>
     <span class='ocr_line' id='line_1_33' title="bbox 364 4100 1105 4178; baseline 0 -19"><span class='ocrx_word' id='word_1_211' title='bbox 364 4100 460 4159; x_wconf 88' lang='lat' dir='ltr'>Ducit</span> <span class='ocrx_word' id='word_1_212' title='bbox 474 4106 507 4159; x_wconf 89' lang='lat' dir='ltr'>te</span> <span class='ocrx_word' id='word_1_213' title='bbox 522 4100 653 4177; x_wconf 89' lang='lat' dir='ltr'>species,</span> <span class='ocrx_word' id='word_1_214' title='bbox 669 4100 777 4160; x_wconf 89' lang='lat' dir='ltr'>video:</span> <span class='ocrx_word' id='word_1_215' title='bbox 802 4120 863 4177; x_wconf 90' lang='lat' dir='ltr'>quo</span> <span class='ocrx_word' id='word_1_216' title='bbox 878 4100 1016 4178; x_wconf 90' lang='lat' dir='ltr'>pertinet</span> <span class='ocrx_word' id='word_1_217' title='bbox 1032 4119 1105 4176; x_wconf 90' lang='lat' dir='ltr'>ergo</span> 
     </span>
     <span class='ocr_line' id='line_1_34' title="bbox 364 4196 1108 4276; baseline 0.003 -21"><span class='ocrx_word' id='word_1_218' title='bbox 364 4196 512 4258; x_wconf 88' lang='lat' dir='ltr'>Procerus</span> <span class='ocrx_word' id='word_1_219' title='bbox 527 4196 632 4257; x_wconf 91' lang='lat' dir='ltr'>odisse</span> <span class='ocrx_word' id='word_1_220' title='bbox 648 4197 766 4276; x_wconf 87' lang='lat' dir='ltr'>lupos?</span> <span class='ocrx_word' id='word_1_221' title='bbox 809 4197 891 4268; x_wconf 84' lang='lat' dir='ltr'>Quia</span> <span class='ocrx_word' id='word_1_222' title='bbox 905 4198 1028 4257; x_wconf 88' lang='lat' dir='ltr'>scilicet</span> <span class='ocrx_word' id='word_1_223' title='bbox 1043 4197 1108 4257; x_wconf 93' lang='lat' dir='ltr'>illis</span> 
     </span>
     <span class='ocr_line' id='line_1_35' title="bbox 363 4293 1223 4373; baseline 0.005 -22"><span class='ocrx_word' id='word_1_224' title='bbox 363 4293 515 4354; x_wconf 84' lang='lat' dir='ltr'>Maiorem</span> <span class='ocrx_word' id='word_1_225' title='bbox 529 4300 645 4354; x_wconf 89' lang='lat' dir='ltr'>natura</span> <span class='ocrx_word' id='word_1_226' title='bbox 659 4294 787 4355; x_wconf 93' lang='lat' dir='ltr'>modum</span> <span class='ocrx_word' id='word_1_227' title='bbox 802 4294 900 4371; x_wconf 89' lang='lat' dir='ltr'>dedit,</span> <span class='ocrx_word' id='word_1_228' title='bbox 916 4295 968 4355; x_wconf 93' lang='lat' dir='ltr'>his</span> <span class='ocrx_word' id='word_1_229' title='bbox 982 4297 1076 4356; x_wconf 86' lang='lat' dir='ltr'>breve</span> <span class='ocrx_word' id='word_1_230' title='bbox 1092 4296 1223 4373; x_wconf 91' lang='lat' dir='ltr'>pondus.</span> 
     </span>
    </p>
   </div>
   <div class='ocr_carea' id='block_1_5' title="bbox 1399 4115 1428 4160">
    <p class='ocr_par' dir='ltr' id='par_1_6' title="bbox 1399 4115 1428 4160">
     <span class='ocr_line' id='line_1_36' title="bbox 1399 4115 1428 4160; baseline 0 0"><span class='ocrx_word' id='word_1_231' title='bbox 1399 4115 1428 4160; x_wconf 81' lang='lat'>³5</span> 
     </span>
    </p>
   </div>
   <div class='ocr_carea' id='block_1_6' title="bbox 0 0 1800 5067">
    <p class='ocr_par' dir='ltr' id='par_1_7' title="bbox 0 0 1800 5067">
     <span class='ocr_line' id='line_1_37' title="bbox 0 0 1800 5067; baseline 0 6"><span class='ocrx_word' id='word_1_232' title='bbox 0 0 1800 5067; x_wconf 95' lang='lat' dir='ltr'> </span> 
     </span>
    </p>
   </div>
  </div>
 </body>
</html>
