3592 5067
377 946 445 1014 vr]
500 958 503 962 ·
829 944 987 1014 tranat
1398 933 1440 1001 2⁷
1469 1028 1472 1035 Ι

375 1121 438 1180 ‘At
451 1118 576 1179 Novius
590 1118 712 1199 collega
725 1122 824 1199 gradu
839 1128 913 1201 post
927 1140 977 1182 me
992 1120 1082 1183 sedet
1095 1138 1175 1196 uno;
1409 1134 1440 1180 40

373 1219 405 1278 N
407 1235 521 1296 amque
535 1222 585 1278 est
599 1216 664 1294 ille,
679 1224 770 1298 pater
784 1220 868 1299 quod
883 1227 951 1281 erat
965 1220 1073 1280 meus?
1115 1218 1204 1278 ‘Hoc
1219 1217 1279 1278 tibi
1293 1218 1414 1280 Paulus

299 1382 301 1385 ,
374 1317 417 1376 Et
430 1314 585 1377 Messalla
598 1316 743 1378 rideris?
784 1319 831 1379 At
844 1318 906 1394 hic,
922 1319 950 1380 si
965 1318 1087 1398 plostra
1101 1317 1237 1377 ducenta

374 1415 630 1493 Concurrantque
645 1415 714 1475 foro
729 1417 791 1477 tria
805 1418 917 1478 funcra
933 1436 1056 1494 magna,
1071 1417 1197 1477 sonabit

373 1513 500 1574 Cornua
513 1513 598 1592 quod
612 1513 782 1593 vincatque
796 1516 889 1576 tubas
902 1538 909 1591 ;
932 1514 1044 1577 saltem
1059 1519 1147 1574 tenet
1161 1512 1219 1571 hoc
1235 1511 1313 1595 nord
1339 1538 1343 1544 ·

413 1611 508 1671 Nunc
522 1611 563 1671 ad
578 1631 628 1673 me
642 1612 735 1674 redeo
749 1612 899 1675 libertino
914 1620 1003 1691 patre
1018 1618 1138 1687 natum,
1285 1599 1302 1618 ‘'

372 1708 471 1780 Quem
486 1709 601 1770 rodunt
615 1729 723 1772 omues
738 1709 887 1772 libertino
901 1718 992 1789 patre
1006 1716 1126 1784 natum,

371 1806 404 1865 N
405 1824 475 1883 unc,
492 1808 567 1885 quia
580 1808 639 1868 sim
656 1808 725 1884 tibi,
739 1809 917 1883 Maecenas,
931 1810 1101 1883 convictor,
1117 1813 1150 1867 at
1164 1805 1251 1881 olim,

372 1902 464 1974 Quod
476 1903 557 1964 mihi
571 1912 696 1984 pareret
711 1906 794 1981 legio
808 1907 953 1967 Romana
967 1906 1102 1966 tribuno.

413 2000 577 2061 Dissimile
592 2001 651 2062 hoc
667 2002 715 2061 illi
730 2008 787 2078 est,
804 2003 965 2082 quianon,
981 2009 1017 2063 ut
1032 2003 1126 2063 forsit
1140 2001 1288 2061 honorem

372 2096 446 2156 Iure
461 2098 539 2157 mihi
555 2098 697 2158 invideat
711 2100 827 2176 quivis,
842 2101 935 2160 itate
949 2119 1073 2178 quoque
1088 2100 1234 2174 amioum,

371 2193 562 2254 Praesertim
577 2202 705 2255 cautum
720 2197 832 2273 dignos
847 2198 1020 2271 adsumere,
1036 2214 1135 2274 prava
1222 2223 1225 2228 ·

370 2290 555 2352 Ambitione
570 2293 689 2371 procul.
732 2292 870 2353 Felicem
886 2294 990 2354 dicere
1005 2312 1067 2353 non
1083 2294 1141 2353 hoc

371 2388 424 2448 Me
439 2389 566 2468 possim,
581 2407 657 2449 casu
671 2390 755 2468 quod
770 2396 803 2450 te
818 2391 948 2451 sortitus
963 2390 1116 2465 amicum3

369 2485 470 2545 Nulla
484 2487 600 2546 etenim
616 2486 695 2546 mihi
711 2494 742 2547 to
757 2489 823 2547 fors
838 2488 972 2562 obtulit;
995 2489 1133 2566 optimus
1147 2487 1223 2546 olim

370 2582 540 2659 Vergilius,
556 2588 628 2661 post
643 2584 726 2644 hunc
741 2585 857 2644 Varius
873 2585 980 2644 dixere
996 2583 1072 2661 quid
1087 2602 1196 2644 essem.

371 2680 419 2740 Ut
433 2679 505 2739 verri
520 2697 633 2754 coram,
649 2680 816 2755 singultim
831 2700 932 2761 pauca
946 2681 1068 2741 locutus
1077 2717 1118 2726 —

370 2776 482 2836 Infans
497 2794 633 2853 namque
648 2777 750 2854 pudor
764 2779 953 2855 prohibebat
966 2778 1059 2855 plura
1073 2778 1243 2854 profari-

368 2873 441 2932 Non
457 2891 515 2948 ego
530 2891 579 2931 me
594 2872 678 2931 claro
692 2880 801 2932 natum
817 2881 916 2952 patre,
931 2893 993 2933 non
1008 2893 1066 2949 ego
1079 2874 1196 2932 circum

368 2969 422 3029 Me
438 2968 624 3029 Satureiano
639 2970 757 3028 vectari
772 2989 847 3029 rura
859 2970 990 3043 caballo,

368 3065 431 3126 Sed
445 3065 529 3143 quod
543 3083 627 3124 eram
644 3085 744 3125 narro.
788 3067 982 3144 Respondes,
999 3073 1034 3126 ut
1048 3073 1121 3127 tuus
1136 3075 1184 3127 est
1199 3086 1274 3142 mos,

368 3163 490 3238 Pauca3
512 3162 598 3236 abe0,
614 3167 646 3221 et
661 3181 789 3223 revocas
803 3182 886 3223 nono
901 3169 973 3242 post
987 3182 1093 3223 mense
1109 3164 1259 3241 iubesque

367 3259 446 3319 Esse
462 3259 494 3317 in
510 3258 682 3318 amicorum
696 3279 834 3320 numero.

869 3357 1020 3433 Magnum
1035 3358 1093 3418 hoo
1108 3377 1165 3434 ego
1180 3358 1268 3433 duco,

367 3452 457 3523 Quod
472 3451 576 3531 placui
591 3453 660 3529 tibi,
676 3453 731 3531 qui
746 3455 832 3532 turpi
848 3456 985 3515 secernis
1000 3455 1178 3529 honestum,

366 3550 440 3609 Non
455 3555 544 3627 patre
559 3550 720 3628 praeclaro
735 3550 791 3611 sed
807 3551 874 3611 vita
887 3557 921 3611 et
935 3558 1059 3630 pectore
1075 3570 1161 3629 puro.
1209 3622 1211 3625 Α

406 3647 507 3725 Atqui
522 3648 549 3708 si
564 3646 652 3708 vitiis
667 3648 878 3709 mediocribus
893 3668 929 3708 ac
943 3667 1012 3708 mea
1027 3649 1135 3727 paucis

366 3743 519 3805 Mendosa
533 3750 583 3805 est
597 3751 720 3819 natura,
736 3745 854 3823 alioqui
870 3753 964 3818 recta,
980 3745 1068 3805 velut
1082 3747 1110 3806 si

366 3841 501 3918 Egregio
515 3842 676 3920 inspersos
691 3843 904 3921 reprehendas
919 3863 1047 3921 corpore
1062 3862 1188 3918 naevos,

367 3936 400 3997 Si
414 3957 516 4017 neque
531 3940 698 3999 avaritiam
713 3958 815 4017 neque
831 3941 934 4001 sordis
950 3959 985 4000 ac
1001 3940 1084 4000 mala
1098 3940 1199 4001 lustra

365 4035 490 4096 Obiciet
503 4054 576 4096 vere
591 4037 761 4114 quisquam
776 4038 864 4111 mihi,
881 4058 979 4116 purus
994 4045 1026 4097 et
1040 4039 1158 4114 insons,

365 4132 413 4193 Ut
426 4151 475 4192 me
490 4132 684 4209 conlaudem,
700 4134 728 4194 si
742 4140 775 4195 et
790 4134 863 4194 vivo
878 4153 968 4196 carus
983 4136 1101 4210 amicis,

275 4211 284 4225 Ι
364 4227 467 4290 Causa
481 4230 545 4290 fuit
559 4238 650 4308 pater
665 4230 724 4306 his,
740 4232 795 4310 qui
810 4251 914 4292 macro
929 4251 1048 4311 pauper
1063 4231 1165 4308 agello

363 4324 478 4387 Noluit
492 4327 525 4387 in
539 4327 633 4387 Flavi
648 4327 759 4388 ludum
774 4347 824 4389 me
839 4330 974 4406 mittere,
989 4329 1095 4407 magni
