3592 5067
382 860 425 925 88
778 828 1043 920 urrsruunnuu

380 1042 512 1104 Planius
527 1060 563 1103 ao
579 1040 692 1104 melius
707 1043 886 1123 Chrysippo
901 1047 934 1104 et
949 1043 1100 1111 Crantore
1114 1041 1201 1103 dicit.

379 1140 443 1202 Cur
456 1140 503 1200 ita
517 1140 715 1216 crediderim,
731 1140 795 1202 nisi
810 1141 886 1219 quid
903 1148 935 1201 te
949 1140 1091 1216 distinet,
1106 1140 1190 1201 audi.

419 1237 548 1314 Fabula,
564 1256 628 1317 qua
640 1238 766 1299 Paridis
781 1244 910 1317 propter
926 1244 1070 1298 narratur
1084 1256 1220 1299 amorem
1291 1241 1294 1247 '

378 1336 512 1398 Graecia
525 1336 688 1398 barbariae
703 1336 788 1397 lento
803 1335 924 1398 conlisa
937 1335 1052 1411 duello,

378 1433 553 1513 Stultorum
569 1453 677 1511 regum
692 1440 725 1494 et
739 1433 928 1513 populorum
942 1434 1084 1495 continet
1098 1440 1214 1494 aestus.

377 1532 520 1592 Antenor
533 1538 641 1594 censet
656 1532 732 1593 belli
747 1532 928 1611 praecidere
942 1551 1085 1593 causam:

375 1628 459 1699 Quid
474 1629 592 1691 Paris?
613 1636 649 1715 ut
663 1630 772 1691 salvus
787 1636 897 1707 regnet
913 1630 1061 1707 vivatque
1076 1629 1197 1703 beatus,

376 1726 453 1802 Cogi
467 1744 559 1804 posse
573 1732 677 1803 negat.
720 1728 839 1788 Nestor
853 1745 1038 1805 componere
1052 1725 1121 1785 litis

376 1823 465 1882 Inter
479 1823 611 1884 Peliden
626 1825 759 1885 festinat
774 1831 807 1884 et
821 1825 905 1884 inter
921 1824 1062 1883 Atriden.

375 1919 470 1979 Hunc
484 1938 580 1995 amor,
596 1920 644 1981 ira
657 1922 785 1999 quidem
800 1920 1008 1981 communiter
1023 1919 1087 1979 urit
1101 1925 1278 1996 utrumque.

374 2015 531 2093 Quicquid
546 2016 683 2077 delirant
698 2035 795 2094 reges,
811 2018 994 2097 plectuntur
1008 2014 1132 2075 Achivi.

374 2111 545 2187 Seditione‚
562 2112 651 2189 dolis,
669 2113 786 2174 scelere
801 2121 895 2190 atque
911 2112 1045 2173 libidine
1061 2117 1093 2171 et
1107 2110 1155 2171 ira

372 2207 488 2268 Iliacos
503 2208 588 2270 intra
602 2229 708 2270 muros
723 2216 870 2288 peccatur
884 2216 916 2269 et
931 2216 1028 2269 extra

412 2305 546 2380 Rursus,
562 2306 639 2383 quid
654 2306 757 2366 virtus
772 2313 804 2365 et
819 2306 895 2383 quid
912 2305 1068 2382 sapientia
1082 2302 1192 2382 possit,

373 2401 463 2463 Utile
478 2402 642 2480 proposuit
656 2402 746 2462 nobis
762 2401 923 2480 exemplar
940 2401 1067 2474 Ulixen,

371 2497 431 2568 Qui
446 2497 582 2557 domitor
598 2499 710 2558 Troiae
726 2499 896 2558 multorum
911 2497 1061 2576 providus
1076 2496 1170 2556 urbes

371 2595 414 2653 Et
428 2613 530 2654 mores
546 2596 708 2654 hominum
725 2594 875 2672 inspexit,
891 2593 1054 2672 latumque
1069 2611 1125 2671 per
1140 2610 1266 2669 aequor,

371 2691 455 2750 Dum
469 2691 539 2766 sibi,
555 2691 630 2751 dum
646 2691 739 2752 sociis
755 2690 892 2750 reditum
907 2696 1007 2769 parat,
1023 2708 1135 2767 aspera
1148 2689 1250 2749 multa

370 2787 517 2863 Pertulit,
532 2788 674 2848 adversis
690 2806 794 2847 rerum
810 2786 1033 2847 immersabilis
1047 2786 1150 2847 undis.

371 2884 517 2944 Sirenum
532 2902 623 2945 voees
638 2891 670 2945 et
685 2884 794 2946 Circae
810 2885 923 2963 pocula
937 2884 1039 2960 nosti;

370 2981 455 3052 Quae
470 2980 498 3041 si
513 3000 583 3043 cum
598 2981 692 3042 sociis
707 2981 826 3042 stultns
841 2980 1038 3059 cupidusque
1051 2980 1192 3055 bibisset,

371 3077 435 3139 Sub
450 3078 579 3138 domina
593 3078 754 3138 meretrice
770 3078 886 3138 fuisset
901 3077 1005 3156 turpis
1020 3085 1052 3138 et
1066 3095 1185 3151 excors,

370 3174 513 3235 Vixisset
525 3174 614 3235 oanis
628 3175 811 3235 immundus
826 3174 876 3235 vel
891 3176 993 3235 amica
1006 3174 1075 3234 luto
1089 3192 1151 3234 sus.

408 3271 477 3333 Nos
492 3289 639 3333 numerus
655 3291 764 3332 sumus
778 3279 811 3331 et
826 3271 934 3347 fruges
950 3288 1130 3332 consumere
1145 3270 1222 3345 neti,

370 3368 483 3445 Sponsi
498 3368 675 3447 Penelopae
689 3368 862 3429 nebulones
877 3368 1065 3445 Alcinoique

370 3464 408 3523 In
424 3470 496 3525 cute
510 3465 648 3525 curanda
662 3464 733 3543 plus
748 3483 848 3542 aequo
862 3471 991 3542 operata
1005 3464 1161 3539 iuventus,

369 3560 427 3621 Cui
443 3561 609 3639 pulchrum
623 3561 688 3621 fuit
702 3562 735 3620 in
750 3562 871 3621 medios
885 3561 1023 3621 dormire
1037 3561 1105 3622 dies
1119 3567 1153 3620 et

368 3658 419 3718 Ad
434 3658 602 3736 strepitum
618 3658 757 3718 citharae
771 3665 927 3718 cessatum
942 3658 1056 3718 ducere
1070 3676 1185 3718 curam.

411 3757 456 3817 Ut
470 3755 614 3831 iugulent
628 3755 797 3830 hominem,
813 3761 946 3831 surgunt
961 3755 1000 3816 de
1015 3762 1106 3816 nocte
1121 3755 1276 3831 latrones;

368 3854 415 3914 Ut
429 3858 461 3911 te
476 3852 580 3930 ipsum
595 3872 709 3927 serves,
725 3872 786 3912 non
802 3851 1057 3930 expergisceris?
1099 3851 1201 3929 Atqui

367 3948 401 4009 Si
415 3948 503 4010 noles
519 3967 623 4024 sanus,
638 3967 743 4009 curres
759 3948 972 4027 hydropicus,
994 3955 1026 4008 et
1040 3948 1073 4008 ni

366 4046 480 4106 Posces
496 4052 568 4106 ante
584 4046 668 4106 diem
683 4046 799 4107 librum
816 4064 887 4105 cum
904 4046 1032 4120 lumine,
1047 4047 1075 4106 si
1091 4064 1152 4105 non

365 4142 518 4222 Intendes
532 4142 673 4203 animum
687 4142 802 4204 studiis
817 4152 849 4203 et
864 4143 956 4204 rebus
971 4142 1122 4218 honestis,

366 4239 495 4300 Invidia
508 4238 559 4301 vel
573 4258 678 4301 amore
693 4239 770 4316 vigil
785 4241 978 4318 torquebere.
1021 4240 1105 4300 Nam
1120 4258 1176 4299 cur
