3592 5067
616 186 1047 405 -
1200 395 1381 404 -Α----

381 844 445 908 114
775 855 1039 907 urrsrunnnuu
1343 855 1433 922 [xvi

381 1028 428 1088 ‘N
431 1047 471 1089 on
485 1013 645 1091 hominem
660 1030 780 1092 occidi!
823 1036 831 1067 ‘
840 1031 914 1091 Non
929 1049 1037 1108 pasces
1052 1029 1085 1090 in
1101 1048 1191 1093 cruce
1204 1030 1333 1092 corvos'

380 1126 473 1186 ‘Sum
487 1128 587 1190 bonus
602 1138 634 1191 et
649 1129 754 1206 frugi!
795 1129 917 1189 Renuit
931 1130 1114 1207 negitatque
1130 1128 1282 1190 Sabellus.

379 1225 497 1287 Cautus
513 1226 597 1286 enim
612 1227 727 1287 metuit
741 1227 867 1287 foveam
882 1226 976 1305 lupus
991 1227 1200 1305 accipiterque
1401 1237 1432 1285 ω

379 1321 545 1401 Suspectos
560 1323 689 1403 laqueos
704 1330 736 1384 et
750 1331 893 1402 opertum
910 1324 1025 1384 miluus
1041 1325 1176 1385 hamum.

379 1418 520 1482 Oderunt
534 1440 662 1500 peccare
676 1422 750 1483 boni
765 1422 894 1481 virtutis
910 1439 1022 1481 amore.

377 1519 426 1577 Tu
441 1518 521 1578 nihil
536 1519 686 1580 admittes
701 1518 734 1577 in
749 1524 780 1578 te
796 1518 966 1579 formidine
982 1536 1108 1597 poenae.

378 1615 427 1675 Sit
441 1634 512 1694 spes
527 1615 669 1691 fallendi,
685 1616 831 1676 miscebis
846 1634 934 1676 sacra
949 1616 1099 1694 profanis.

376 1712 407 1772 N
410 1731 460 1772 am
475 1714 513 1773 de
527 1713 614 1773 mille
629 1714 721 1774 fabae
736 1713 849 1773 modiis
864 1731 934 1772 cum
950 1714 1082 1791 surripis
1097 1732 1203 1789 unum,

376 1809 533 1868 Damnum
549 1817 606 1885 est,
621 1830 684 1870 non
699 1810 832 1885 facinus,
847 1810 926 1868 mihi
943 1817 1034 1887 pacto
1048 1810 1150 1871 lenius
1165 1811 1234 1871 isto

376 1906 433 1965 Vir
446 1907 555 1983 bonus,
570 1926 661 1967 omne
676 1907 779 1967 forum
792 1926 885 1984 quem
900 1914 1022 1985 spectat
1035 1914 1068 1967 et
1081 1925 1172 1967 omne
1187 1907 1335 1984 tribunal,

375 2003 638 2081 Quandocumque
652 2004 728 2064 deos
744 2003 792 2062 vel
809 2022 903 2081 porco
918 2003 967 2063 vel
983 2003 1061 2064 bove
1075 2004 1188 2081 placat,

376 2099 470 2159 ‘Iane
485 2106 574 2179 pater
584 2101 609 2160 t’
631 2100 722 2173 clare,
738 2100 821 2159 clare
836 2118 907 2159 cum
922 2099 1006 2160 dixit
1021 2100 1152 2177 ‘Apollo
1162 2102 1187 2159 1’

375 2196 478 2256 Labra
492 2203 596 2257 movet
611 2204 753 2256 metuens
767 2195 887 2255 audiri:
912 2195 1067 2255 ‘Pulchra
1081 2197 1232 2271 Laverna,
1346 2250 1349 2255 .

374 2293 425 2352 Da
438 2292 517 2351 mihi
531 2294 652 2368 fallere,
667 2294 708 2353 da
721 2292 805 2352 iusto
819 2298 989 2369 sanctoque
1004 2293 1114 2366 videri,

374 2389 508 2448 Noctem
523 2390 660 2466 peccatis
674 2394 707 2449 et
720 2388 887 2449 fraudibus
902 2388 988 2448 obice
1003 2389 1137 2449 nubem!

373 2484 435 2555 Qui
448 2486 560 2546 melior
574 2504 672 2560 serv0,
688 2486 743 2561 qui
757 2483 886 2545 liberior
900 2485 944 2545 sit
958 2503 1080 2560 avarus,

373 2582 414 2641 In
428 2582 532 2642 triviis
546 2581 643 2641 fixum
658 2599 728 2642 cum
744 2599 777 2641 se
793 2581 933 2641 demittit
946 2582 985 2642 ob
999 2600 1111 2656 assem,

373 2679 446 2738 Non
460 2678 568 2738 video:
591 2697 663 2738 nam
679 2678 733 2755 qui
749 2678 864 2755 cupiet,
880 2685 1000 2739 metuet
1014 2697 1154 2757 quoque;
1176 2697 1267 2757 porro

373 2775 434 2844 Qui
449 2783 590 2836 metuens
606 2776 702 2848 vivet,
718 2774 797 2834 liber
812 2774 890 2834 mihi
907 2794 968 2834 non
983 2776 1043 2835 erit
1057 2794 1214 2853 umquam.

372 2871 517 2931 Perdidit
531 2890 626 2945 arma,
641 2870 743 2931 locum
759 2871 887 2931 virtutis
903 2872 1049 2946 deseruit,
1064 2874 1120 2949 qui

373 2968 502 3046 Semper
515 2968 548 3026 in
563 2968 706 3044 augenda
720 2966 853 3028 festinat
867 2975 900 3028 et
913 2969 1056 3029 obruitur
1070 2988 1111 3029 re.

372 3064 515 3124 Vendere
528 3083 599 3124 cum
614 3064 715 3143 possis
730 3064 901 3142 captivum,
916 3066 1055 3126 occidere
1069 3065 1143 3125 noli.

372 3161 494 3221 Serviat
507 3160 645 3237 utiliter;
668 3161 735 3221 sine
750 3166 859 3238 pascat
873 3161 970 3222 durus
984 3169 1122 3240 aretque,

370 3257 509 3335 Naviget
522 3276 557 3318 ao
572 3257 684 3318 mediis
700 3256 817 3317 hiemet
832 3266 985 3319 mercator
999 3260 1032 3318 in
1047 3260 1150 3334 undis,

370 3354 523 3414 Annonae
537 3354 646 3433 prosit,
660 3359 765 3431 portet
779 3354 940 3415 frumenta
954 3374 1122 3433 penusque.

379 3513 381 3519 ,
410 3450 467 3511 Vir
481 3451 580 3511 bonus
594 3459 627 3511 et
641 3450 767 3529 sapiens
782 3451 911 3511 audebit
925 3451 1043 3512 dicere:
1068 3451 1237 3530 ‘Pentheu‚

370 3548 486 3607 Rector
499 3546 687 3622 Thebarum,
702 3547 778 3624 quid
793 3566 843 3608 me
857 3548 998 3625 perferre
1014 3548 1141 3626 patique

369 3643 539 3721 Indignum
555 3645 689 3721 coges?'
732 3644 898 3705 ‘Adimam
914 3644 1013 3705 bona’
1055 3646 1195 3726 ‘Nempe
1209 3666 1313 3726 pecus,

487 3760 563 3816 rem,

367 3838 489 3911 Lectos,
505 3845 678 3914 argentum.
720 3838 828 3898 Tollas
844 3837 938 3899 licet!
980 3841 1036 3899 ‘In
1052 3840 1182 3902 manicis
1197 3847 1230 3901 et

367 3934 577 4013 Compedibus
591 3954 684 3996 saevo
699 3940 729 3995 te
745 3935 803 3995 sub
817 3937 946 3996 custode
961 3937 1091 3998 tenebo!

367 4036 375 4067 ‘
384 4031 459 4109 Ipse
473 4031 560 4105 deus,
575 4032 778 4109 simulatque
794 4032 908 4108 volam,
924 4052 973 4093 me
987 4034 1108 4095 solvet!
1150 4035 1278 4114 Opinor,

366 4127 437 4189 Hoc
451 4129 550 4189 sentit
564 4128 719 4190 ‘Moriar'
762 4129 848 4190 Mors
863 4128 977 4190 ultime
991 4130 1074 4191 linea
1088 4151 1191 4192 rerum
1205 4140 1262 4196 est
