3592 5067
379 971 418 1038 ι]
622 931 624 935 ⁴
821 963 935 1015 mern
958 964 994 1016 11.

914 1077 918 1090 ,
957 1052 989 1091 ,.
1013 1064 1029 1085 t

379 1139 570 1205 condicione
585 1156 680 1217 super
693 1137 861 1237 commpnj,
877 1100 955 1216 quin
970 1136 1064 1198 etiam
1078 1135 1131 1197 lex

378 1239 545 1336 Poenaque
559 1235 634 1311 lata,
650 1233 758 1295 malo
748 1254 828 1312 qnae
833 1224 942 1296 nollet
955 1234 1091 1295 carmine
1105 1250 1295 1312 quemquam

378 1315 532 1397 Describi
574 1334 705 1394 Vertere
719 1332 846 1392 modum
862 1331 1033 1392 formidine
1048 1330 1198 1439 sums„

377 1432 431 1493 'Ad
445 1432 524 1493 bene
538 1430 704 1492 dicendum
722 1428 1004 1519 delectandumque
1017 1392 1198 1489 redacti.M

418 1529 552 1592 Graecia
564 1533 658 1606 capta
671 1527 774 1587 ferum
789 1526 941 1587 victorem
955 1526 1047 1605 cepit,
1063 1531 1094 1586 et
1108 1523 1187 1586 artis

376 1626 494 1688 Intulit
508 1626 625 1701 agresti
640 1624 741 1684 Latio.
785 1622 837 1683 Sic
851 1622 999 1684 horridus
1014 1623 1069 1684 ille

376 1722 520 1785 Defluxit
534 1740 682 1782 numerus
698 1721 875 1795 Saturnius,
891 1728 923 1782 et
937 1740 1031 1797 grave
1044 1720 1132 1781 virus

376 1820 556 1895 Munditias
570 1818 734 1897 pepulere,
757 1818 812 1878 sed
826 1818 860 1877 in
875 1817 1003 1895 longum
1018 1825 1123 1879 tamen
1137 1835 1249 1878 aevum

375 1919 563 1978 Manserunt
578 1915 734 1993 hodieque
748 1922 877 1975 manent
892 1916 1063 2019 uestigia
1042 1915 1131 1977 ruris.
1176 1983 1184 1995 ‚

375 2014 471 2076 Serus
484 2013 569 2074 enim
584 2014 714 2075 Graecis
727 2013 871 2121 ιιιιιιριιι
884 2011 1029 2074 acumina
1042 1991 1170 2086 cbartis,

373 2112 418 2172 Et
431 2118 504 2190 post
517 2111 640 2171 Punica
653 2088 738 2171 bella
751 2083 877 2188 quietus
892 2129 1040 2189 quaerere
1054 2109 1166 2187 coepit,

374 2208 457 2280 Quid
472 2207 643 2286 Sophocles
657 2215 689 2269 et
703 2207 840 2286 Thespis
854 2214 887 2267 et
902 2206 1076 2286 Aeschylos
1091 2205 1170 2266 utile
1184 2204 1312 2265 ferrent.

373 2305 557 2384 Temptavit
571 2324 695 2383 quoque
710 2324 775 2366 rem
790 2323 818 2365 ει
810 2304 929 2403 digne
943 2312 1063 2365 vertere
1078 2309 1192 2381 posset,

373 2403 416 2463 Et
430 2403 551 2489 placuit
565 2403 635 2477 sibi,
651 2409 765 2463 natura
779 2380 923 2463 subliinis
938 2409 970 2463 et
983 2420 1070 2476 acer;

372 2500 456 2561 Nam
471 2499 573 2579 spirat
587 2500 741 2578 tragicum
756 2500 833 2560 satis
849 2504 881 2559 et
895 2499 1033 2560 feliciter
1046 2499 1151 2573 audet,

373 2597 435 2658 Sed
449 2603 572 2676 turpem
589 2597 808 2677 putatinscite
822 2598 1000 2675 metuitque
1014 2597 1150 2656 lituram.

373 2691 529 2767 Creditur,
545 2712 583 2763 er
598 2694 702 2754 medio
717 2694 792 2771 quia
805 2712 854 2754 res
869 2694 1008 2767 arcessit,
1024 2692 1138 2753 habere

373 2789 502 2851 Sudoris
518 2789 693 2864 minimum,
708 2790 763 2851 sed
778 2789 873 2850 habet
887 2790 1048 2850 comoedia
1060 2793 1151 2849 tanto

371 2887 449 2948 Plus
464 2886 568 2946 oneris
582 2893 704 3001 quanto
715 2885 825 2946 veniae
840 2886 953 2947 minus
998 2886 1134 2963 Adspice
1148 2883 1283 2946 Plautus

371 2982 440 3053 Quo
454 2988 545 3060 pacto
560 2974 660 3061 partis
670 2966 797 3043 tutetur
811 2983 947 3043 amantis
963 2982 1084 3061 ephebi,

372 3082 419 3143 Ut
433 3080 533 3159 patris
548 3079 672 3155 attenti,
689 3078 810 3140 lenonis
825 3085 861 3139 ut
875 3079 1028 3154 insidiosi,

370 3177 514 3248 Quantus
529 3176 572 3237 sit
586 3178 770 3237 Dossennus
785 3176 955 3237 edacibus
947 3195 980 3235 ιιι
996 3176 1215 3255 parasitis„

370 3274 470 3345 Quam
484 3292 547 3333 non
561 3274 715 3334 adstricto
728 3279 890 3350 percurrat
905 3272 1029 3351 pulpita
1042 3290 1147 3347 socco;

370 3348 525 3431 Gesiit
492 3370 576 3430 enim
591 3389 754 3430 nummum
770 3370 803 3428 iu
818 3368 936 3430 loculos
951 3370 1124 3443 demittere,
1140 3374 1212 3446 post
1227 3369 1286 3429 hoc

371 3460 504 3528 Securus
519 3468 612 3527 cadat
625 3486 666 3527 an
680 3473 765 3527 recto
780 3473 843 3526 stet
857 3466 967 3527 fabule
981 3466 1053 3525 talo.

409 3564 509 3635 Quem
524 3563 601 3623 tulit
614 3564 654 3623 ad
669 3581 813 3624 scaenam
829 3571 960 3624 ventoso
975 3563 1085 3623 Gloria
1098 3580 1200 3637 curru,

369 3661 540 3739 Exanimat
554 3659 659 3721 lentus
675 3667 841 3739 spectator,
857 3659 984 3720 sedulus
1000 3659 1107 3734 inflat,

369 3759 422 3819 Sic
436 3758 546 3818 leve
520 3776 566 3818 src
581 3777 712 3836 parvum
727 3764 784 3833 est,
800 3757 939 3843 animum
935 3737 1045 3842 quod
1053 3735 1157 3817 laudis
1171 3741 1301 3816 avarum

369 3854 500 3916 Subruit
515 3861 570 3915 aut
585 3853 693 3915 reficit
736 3802 874 3914 Valeat
864 3873 913 3915 res
929 3843 1097 3929 Indicia,
1073 3873 1100 3915 οι
1115 3872 1165 3913 me

368 3952 481 4013 Palma
494 3959 609 4028 negata
622 3970 771 4024 macrum,
788 3951 904 4011 donata
917 3950 1038 4012 reducit
1053 3950 1201 4029 opimum.

368 4049 428 4110 Sae
451 4069 468 4149 e
483 4050 579 4109 etiam
593 4050 742 4110 audacem
757 4048 849 4124 fugat
863 4047 921 4130 hoc
919 4055 1093 4131 terretque
1108 4052 1243 4125 poetam,

367 4117 427 4218 Qu
471 4165 601 4207 numero
616 4146 730 4225 plures,
746 4145 865 4205 virtute
879 4153 912 4206 et
927 4145 1043 4206 honore
1057 4144 1203 4219 minores,

368 4244 496 4305 Indocti
508 4244 679 4322 stolidique
693 4250 725 4304 et
739 4244 919 4322 depugnare
933 4243 1045 4352 parati,

367 4340 402 4404 Si
416 4341 576 4507 ιιιιοιᾱθι
589 4360 693 4421 eques,
709 4340 814 4401 media
826 4340 909 4401 inter
923 4339 1062 4402 carmina
1069 4321 1209 4421 poscunt
