3592 5067
375 806 441 874 156
782 821 1043 875 nrmrunaaum

374 993 448 1053 Non
462 991 599 1071 barbam,
615 1000 737 1057 secreta
750 996 832 1074 petit
845 995 922 1072 loca,
938 994 1050 1057 balnea
1063 994 1155 1057 vitat.

373 1089 582 1152 Nanoiscetur
596 1093 679 1153 enirn
696 1094 833 1173 pretium
847 1112 1021 1176 nomenque
1036 1099 1157 1173 poetae,

374 1187 408 1247 si
423 1187 523 1249 tribus
538 1190 704 1270 Anticyris
718 1198 814 1270 eaput
827 1190 1003 1252 insanabile
1017 1210 1189 1270 numquam
1249 1196 1254 1202 '
1388 1197 1433 1245 ³⁰⁰

372 1285 505 1346 Tonsori
520 1286 632 1349 Licino
646 1289 847 1349 commiserit.
891 1288 987 1365 Oego
1001 1288 1118 1365 laevus,

373 1382 433 1453 Qui
447 1402 563 1461 purgor
577 1386 673 1447 bilem
689 1387 748 1447 sub
763 1386 851 1446 verni
866 1387 1018 1465 temporis
1032 1387 1160 1448 horam!

371 1481 446 1541 Non
460 1481 542 1544 alins
557 1483 677 1544 iaceret
691 1482 823 1544 meliora
836 1490 996 1563 poemata:
1020 1503 1129 1545 verum

371 1578 428 1638 Nil
443 1581 526 1639 tanti
541 1587 599 1641 est.
642 1582 727 1658 Ergo
741 1582 858 1658 iungar
871 1582 939 1642 vice
954 1582 1041 1657 cotis,
1058 1588 1185 1642 acutum

372 1675 516 1737 Reddere
532 1697 611 1757 quae
626 1679 747 1739 ferrum
763 1678 855 1754 valet,
872 1697 979 1740 exsors
993 1679 1063 1758 ipsa
1078 1678 1222 1755 secandi;

372 1772 489 1834 Munus
504 1782 536 1835 et
551 1774 697 1851 officium,
711 1776 758 1835 nil
774 1777 912 1836 scribens
928 1776 1005 1854 ipse,
1020 1776 1146 1851 doceb0,

372 1871 467 1931 Unde
481 1879 632 1950 parentur
646 1891 732 1951 opes,
748 1873 825 1951 quid
839 1874 905 1933 alat
920 1873 1097 1951 formetque
1111 1878 1245 1950 poetam,

370 1965 454 2037 Quid
469 1967 586 2044 deceat,
602 1969 680 2046 quid
694 1989 768 2044 non,
783 1988 846 2046 quo
861 1970 971 2043 virtus,
987 1988 1049 2047 quo
1061 1970 1146 2029 ferat
1159 1987 1253 2029 error.

411 2064 575 2125 Scribendi
591 2072 675 2126 recte
690 2084 800 2144 sapere
815 2074 911 2127 estet
926 2066 1114 2144 principium
1128 2073 1161 2125 et
1175 2066 1265 2125 fons:

370 2159 451 2220 Rern
465 2161 525 2221 tibi
540 2160 716 2222 Socraticae
731 2168 881 2239 poterunt
895 2162 1057 2222 ostendere
1072 2161 1208 2235 chartae,

370 2257 535 2335 Verbaque
549 2259 710 2335 provisam
725 2277 791 2317 rem
805 2277 868 2318 non
884 2258 985 2317 invita
999 2264 1175 2335 sequentur.

369 2352 430 2424 Qui
445 2353 558 2413 didicit
573 2355 696 2432 patriae
711 2354 788 2432 quid
803 2354 916 2414 debeat
931 2362 962 2414 et
976 2354 1052 2430 quid
1066 2354 1185 2428 amicis,

370 2448 437 2519 Quo
448 2449 491 2509 sit
504 2468 609 2510 amore
624 2469 748 2530 parens,
764 2469 826 2528 quo
840 2450 939 2510 irater
952 2450 1103 2510 amandus
1117 2454 1150 2509 et
1163 2450 1286 2528 hospes,

370 2544 457 2615 Quod
474 2546 517 2605 sit
531 2547 712 2625 conscripti,
728 2547 811 2624 quod
826 2547 939 2607 iudicis
954 2545 1097 2620 officium,
1113 2563 1193 2624 quae

369 2642 481 2702 Partes
495 2644 529 2701 in
544 2642 661 2703 bellum
676 2643 767 2704 missi
783 2644 889 2717 ducis,
913 2643 966 2703 ilie
981 2643 1121 2720 profecto

369 2737 512 2797 Reddere
526 2756 678 2817 personae
693 2740 754 2800 scit
768 2740 988 2800 convenientia
1001 2739 1122 2816 cuique.

369 2835 537 2912 Respicere
551 2835 712 2914 exemplar
726 2836 812 2895 vitae
826 2854 1009 2914 morumque
1024 2836 1135 2896 iubebo

368 2932 504 2991 Doctum
519 2931 710 2992 imitatorem
725 2939 757 2992 et
771 2932 860 2993 vivas
875 2931 949 2993 hinc
963 2933 1075 2992 ducere
1089 2949 1189 2994 voces.

369 3028 533 3088 Interdum
548 3029 691 3106 speciosa
704 3027 782 3089 locis
797 3036 979 3108 morataque
994 3036 1077 3089 recte

369 3123 489 3183 Fabula
502 3123 621 3185 nullius
637 3124 779 3198 Veneris,
795 3126 863 3185 sine
878 3126 1014 3204 pondere
1029 3132 1061 3184 et
1075 3131 1150 3200 arte,

367 3220 500 3281 Valdius
515 3221 652 3282 oblectat
666 3222 817 3299 populum
833 3222 1008 3299 meliusque
1023 3227 1169 3297 moratur,

368 3315 467 3386 Quam
483 3335 591 3377 versus
605 3318 715 3396 inopes
731 3337 835 3377 rerum
849 3336 1012 3396 nugaeque
1026 3335 1166 3378 canorae.

408 3413 502 3473 Grais
517 3413 687 3489 ingenium,
704 3414 798 3475 Grais
812 3414 902 3475 dedit
915 3433 967 3475 ore
982 3414 1114 3474 rotundo

367 3510 461 3571 Musa
474 3509 570 3587 loqui,
586 3517 711 3589 praeter
725 3511 850 3572 laudem
865 3511 986 3571 nullius
1000 3511 1112 3571 avaris.

366 3606 502 3666 Romani
515 3607 606 3685 pueri
620 3607 724 3683 longis
738 3609 913 3668 rationibus
927 3628 1027 3670 assem
1378 3621 1423 3668 ³25

367 3702 501 3764 Discunt
516 3704 549 3763 in
564 3704 664 3781 partis
679 3712 805 3765 centum
819 3705 975 3765 diducere.
1017 3706 1128 3765 ‘Dicat

366 3799 468 3859 Filius
482 3800 608 3860 Albini:
632 3801 659 3862 si
675 3801 714 3861 de
728 3800 904 3879 quincunce
918 3808 1037 3862 remota
1051 3808 1100 3863 est

366 3896 479 3971 Uncia,
494 3896 571 3975 quid
586 3899 738 3975 superat?
780 3898 912 3959 Poteras
927 3898 1062 3959 dixisse)
1105 3899 1254 3960 ‘Triens’
1296 3899 1379 3960 ‘Eoi

365 3992 446 4053 Rem
460 3994 577 4071 poteris
593 4013 717 4055 servare
731 4001 826 4055 tuam.
871 3995 969 4056 Redit
982 3996 1083 4071 uncia,
1099 3996 1176 4074 quid
1190 3995 1227 4056 fit
1237 3997 1272 4056 ?'

366 4088 504 4150 ‘Semis'
547 4090 682 4151 Athaco
698 4092 820 4151 animos
835 4112 949 4169 aerugo
962 4098 995 4152 et
1008 4112 1083 4153 cura
1096 4092 1201 4170 peculi
1375 4104 1420 4150 sao

365 4185 443 4248 Cum
459 4185 555 4248 semel
571 4187 728 4266 imbuerit,
744 4206 906 4266 speramus
921 4190 1059 4250 carmina
1071 4189 1149 4266 fingi
