3592 5067
371 880 413 945 18
621 863 624 868 ’
795 892 1001 945 sannorum
1365 886 1427 952 [iv.

368 1065 399 1124 N
402 1083 442 1125 on
457 1083 515 1142 ego
529 1064 589 1127 sim
606 1066 702 1146 Capri
716 1085 817 1145 neque
833 1065 937 1141 Sulci;
960 1083 1016 1125 eur
1030 1071 1152 1126 metuas
1168 1065 1247 1125 me?
1401 1072 1431 1119 vo

368 1162 469 1223 Nulla
483 1163 615 1225 taberna
629 1183 715 1226 meos
730 1165 845 1225 habeat
859 1182 960 1242 neque
976 1162 1042 1241 pila
1056 1161 1190 1236 libellos,

368 1260 445 1331 Quis
460 1280 573 1347 manus
588 1262 717 1323 insudet
731 1262 817 1339 volgi
833 1261 1105 1338 Hermogenisque
1120 1257 1250 1337 Tigelli,

367 1359 436 1419 Nec
451 1360 549 1419 recito
563 1361 711 1439 cuiquam
725 1360 788 1420 nisi
803 1359 922 1435 amicis,
938 1358 1033 1435 idque
1048 1361 1185 1431 coactus,

367 1456 442 1517 Non
455 1456 561 1517 ubivis
576 1476 720 1518 coramve
736 1456 938 1535 quibuslibet.
982 1456 1022 1515 ln
1036 1454 1141 1514 medio
1155 1453 1210 1532 qui

369 1554 495 1631 Scripta
509 1555 578 1615 foro
593 1554 728 1615 recitent
742 1561 816 1615 sunt
831 1554 934 1629 multi,
950 1552 1068 1631 quique
1082 1551 1244 1626 lavantes,
1396 1559 1428 1606 75

369 1650 471 1712 Suave
486 1651 572 1712 locus
587 1652 657 1713 voci
672 1659 798 1712 resonat
813 1652 987 1713 conclusus.
1029 1649 1140 1710 Inanis

368 1748 439 1808 Hoc
454 1749 552 1822 iuvat,
568 1748 653 1809 haud
669 1749 750 1809 illud
765 1748 954 1827 quaerentis,
971 1767 1046 1807 num
1061 1746 1130 1807 sine
1145 1762 1249 1820 sensu,

368 1843 521 1922 Tempore
535 1865 611 1905 nuni
626 1846 747 1906 iaciant
761 1845 871 1906 alieno.

911 1941 1068 2002 ‘Laedere
1082 1937 1219 2016 gaudes,'

368 2038 480 2116 Inquit
495 2045 544 2098 ‘et
558 2038 617 2098 hoc
632 2039 738 2099 studio
753 2058 869 2117 pravus
885 2039 984 2099 facis!
1028 2037 1122 2098 Unde
1138 2035 1272 2113 petitum

367 2136 487 2195 ‘Hoein
501 2154 551 2194 me
565 2134 669 2195 iacis?
712 2137 772 2194 Est
786 2141 894 2195 auctor
909 2135 981 2212 quis
997 2133 1133 2210 denique
1147 2149 1253 2191 eorum
1398 2142 1428 2189 ω

368 2232 443 2291 Vixi
457 2249 528 2290 cum
544 2233 686 2309 quibus?
708 2232 880 2291 Absentem
895 2232 950 2309 qui
966 2230 1050 2290 rodit
1064 2228 1209 2303 amicum,

367 2329 427 2398 Qui
442 2347 505 2387 non
520 2328 665 2387 defendit
680 2328 743 2388 alio
758 2329 916 2406 culpante,
932 2326 1052 2387 solutos

367 2424 427 2494 Qui
442 2430 550 2502 captat
565 2425 649 2483 risus
664 2424 827 2484 hominum
842 2424 1023 2500 famamque
1038 2421 1164 2495 dicacis,

368 2521 500 2595 Fingere
516 2520 650 2598 quinon
666 2521 733 2580 visa
749 2527 862 2598 potest,
877 2520 1044 2602 commissa
1057 2524 1161 2578 tacere

368 2617 428 2687 Qui
443 2618 569 2695 nequit,
592 2616 644 2677 hic
659 2618 749 2693 niger
763 2624 821 2691 est,
836 2617 920 2677 hunc
935 2624 979 2691 tu,
995 2617 1147 2692 Romane,
1162 2622 1278 2675 caveto.
1399 2626 1429 2674 85

369 2714 467 2789 Saepe
483 2714 584 2774 tribus
599 2714 692 2775 lectis
707 2714 816 2776 videas
831 2732 942 2774 cenare
956 2720 1135 2791 quaternos

368 2810 394 2868 E
408 2810 524 2887 quibus
540 2829 621 2871 unus
636 2816 721 2870 amet
738 2812 849 2889 quavis
864 2829 1030 2890 aspergere
1046 2818 1175 2870 cunctos

368 2906 495 2966 Praeter
510 2926 581 2967 eum
596 2908 651 2985 qui
666 2908 796 2986 praebet
809 2927 940 2986 aquam,
962 2915 1035 2985 post
1049 2907 1133 2967 hunc
1147 2926 1271 2986 quoque
1285 2915 1387 2985 potus,

367 3003 503 3065 Condita
516 3023 588 3064 cum
604 3024 700 3065 verax
714 3006 817 3083 aperit
832 3006 1013 3083 praecordia
1028 3005 1131 3065 Liber.

355 3102 430 3161 <Hic
445 3102 505 3160 tibi
520 3102 618 3162 cornis
633 3108 666 3161 et
680 3103 819 3163 urbanus
836 3102 976 3180 liberque
990 3102 1126 3177 videtur,
1398 3110 1428 3157 90

367 3198 491 3257 Infesto
506 3199 622 3273 nigris3
645 3218 702 3274 ego
717 3200 743 3259 si
759 3199 824 3274 risi,
840 3200 924 3276 quod
940 3198 1066 3276 ineptus

367 3282 516 3354 Pastillos
531 3294 671 3354 Rufillus
687 3295 760 3369 olet,
776 3296 954 3371 Gargonius
969 3295 1100 3369 hircum,

367 3391 500 3451 Lividus
516 3397 548 3452 et
562 3392 693 3452 mordax
708 3393 818 3452 videor
832 3393 918 3452 tibi?
961 3391 1084 3451 Mentio
1099 3391 1127 3451 si
1142 3409 1221 3469 quae

366 3490 413 3549 De
429 3489 602 3565 Capitolini
619 3490 715 3549 furtis
731 3490 847 3550 iniecta
861 3488 971 3548 Petilli

366 3586 410 3644 Te
425 3603 528 3668 coram
545 3585 652 3661 fuerit,
669 3586 822 3646 defendas
838 3591 873 3644 ut
887 3591 961 3644 tuus
975 3591 1024 3644 est
1037 3603 1122 3646 mos:

367 3683 436 3741 ‘Me
451 3682 652 3760 Capitolinus
667 3683 845 3743 convictore
860 3701 937 3741 usus
951 3668 1114 3760 amicoque

367 3779 395 3836 A
411 3797 507 3856 puero
521 3787 580 3852 est,
596 3798 752 3855 causaque
768 3797 837 3838 mea
850 3778 1008 3855 permulta
1021 3788 1150 3854 rogatus

366 3876 464 3948 Fecit,
480 3882 512 3935 et
526 3874 696 3935 incolumis
711 3876 809 3935 laetor
823 3876 908 3953 quod
923 3875 1004 3935 vivit
1019 3876 1051 3934 in
1067 3876 1159 3952 urbe;

367 3972 429 4031 Sed
444 3979 551 4031 tamen
565 3971 703 4031 admiror
718 3990 779 4050 quo
793 3979 885 4051 pacto
901 3972 1052 4032 iudicium
1068 3973 1150 4032 illud

250 4138 253 4145 Ι
367 4068 516 4145 Fugerit)
559 4069 623 4129 Hic
639 4069 747 4146 nigrae
763 4088 856 4129 sucus
872 4068 1036 4144 lolliginis,
1052 4068 1129 4128 haec
1144 4074 1192 4129 est
1386 4080 1429 4126 10⁰

366 4167 492 4240 Aerugo
507 4184 610 4242 mera3
633 4166 716 4243 quod
733 4166 845 4226 vitium
861 4166 970 4243 procul
985 4167 1072 4225 afore
1087 4166 1207 4226 chartis

365 4262 472 4341 Atque
487 4263 593 4323 animo
608 4263 707 4342 prius,
723 4268 759 4323 ut
773 4264 800 4324 si
816 4264 894 4342 quid
910 4263 1093 4341 promittere
1108 4264 1147 4323 de
1162 4282 1212 4324 me
