3592 5067
378 986 458 1054 vu]
826 982 941 1034 amns
964 982 986 1033 n

376 1159 461 1219 Dum
476 1156 559 1218 redit
573 1161 668 1233 atque
683 1155 764 1217 Foro
779 1153 912 1215 nimium
928 1155 1047 1217 distare
1062 1155 1193 1217 Carinas

376 1256 446 1317 Iam
461 1254 591 1333 grandis
607 1258 683 1312 natu
698 1252 851 1331 queritur,
866 1253 1039 1330 conspexit,
1055 1259 1091 1313 ut
1105 1253 1205 1329 aiunt,

375 1353 535 1413 Adrasum
551 1350 708 1429 quendam
722 1367 824 1409 vacua
838 1350 974 1410 tonsoris
990 1349 1023 1409 in
1038 1351 1149 1411 umbra

376 1447 514 1512 Cultello
529 1447 672 1526 proprios
688 1452 876 1525 purgantem
891 1446 1006 1507 leniter
1021 1448 1143 1523 unguis.

375 1552 385 1584 ‘
393 1546 555 1620 Demetri,’
565 1562 692 1622 -puer
705 1544 757 1603 hic
772 1562 835 1604 non
850 1542 939 1604 laeve
956 1544 1041 1605 iussa
1055 1544 1198 1624 Philippi

374 1643 626 1722 Accipiebat-‘
635 1641 698 1716 abi,
713 1658 828 1719 quaere
843 1649 875 1701 et
890 1642 983 1715 refer,
998 1642 1082 1702 unde
1097 1643 1199 1718 domo,
1214 1643 1295 1721 quis,

374 1741 471 1803 Cuius
486 1741 642 1814 fortunae,
659 1757 722 1816 quo
736 1739 780 1800 sit
794 1745 883 1816 patre
899 1756 1000 1817 quove
1016 1741 1167 1818 patrono)

374 1839 415 1912 It,
430 1838 513 1898 redit
527 1844 560 1897 et
573 1842 690 1909 narrat,
707 1835 866 1896 Volteium
881 1836 1008 1896 nomine
1022 1838 1158 1910 Menam,

371 1935 571 2008 Praeconem,
587 1933 676 1993 tenui
690 1951 796 2008 censu,
811 1932 880 1994 sine
893 1932 1035 2007 crimine,
1050 1940 1159 1994 notum

371 2032 415 2091 Et
429 2048 595 2109 properare
609 2030 678 2091 loco
692 2036 724 2090 et
738 2047 860 2090 cessare
875 2035 908 2089 et
922 2048 1071 2108 quaerere
1085 2037 1117 2090 et
1133 2030 1189 2106 uti,

372 2129 570 2191 Gaudentem
585 2127 754 2205 parvisque
770 2126 931 2188 sodalibus
946 2134 979 2187 et
992 2126 1057 2187 lare
1071 2134 1156 2188 certo

370 2227 414 2287 Et
428 2224 513 2286 ludis
526 2230 560 2286 et
574 2230 646 2303 post
660 2224 767 2286 decisa
780 2223 908 2300 negotia
922 2224 1048 2302 Campo.

411 2322 544 2384 ‘Scitari
560 2322 640 2383 libet
653 2341 693 2382 ex
708 2322 778 2401 ipso
792 2321 1010 2399 quodcumque
1026 2322 1141 2397 refers;
1163 2322 1223 2399 dic,
1403 2338 1435 2385 eo

370 2420 423 2480 Ad
436 2438 545 2481 cenam
559 2420 684 2479 veniat!
726 2420 801 2479 Non
816 2437 890 2479 sane
905 2418 1031 2478 credere
1046 2420 1148 2494 Mena,

369 2517 480 2579 Mirari
495 2536 601 2578 secum
616 2517 741 2577 tacitus.
785 2516 868 2587 Quid
883 2516 1010 2575 multa?
1053 2516 1230 2594 ‘Benigne'

369 2615 561 2692 Respondet.
605 2614 728 2691 ‘Neget
742 2612 797 2673 ille
811 2612 890 2671 mihi
902 2614 935 2671 ?'
978 2612 1099 2689 ‘Negat
1114 2614 1273 2690 improbus
1288 2621 1321 2677 et
1335 2621 1368 2677 te

368 2711 518 2788 Neglegit
532 2717 588 2770 aut
601 2710 727 2770 horret'
769 2710 932 2770 Volteium
946 2728 1038 2769 mane
1053 2710 1223 2788 Philippus

368 2808 456 2869 Vilia
471 2807 659 2866 vendentem
674 2807 816 2866 tunicato
830 2811 937 2865 scruta
951 2805 1077 2883 popello
1400 2823 1431 2870 ut

368 2904 509 2981 Occupat
523 2909 556 2962 et
569 2902 691 2963 salvere
706 2902 794 2961 iubet
808 2902 910 2979 prior3
935 2901 988 2961 ille
1005 2901 1155 2980 Philippo

367 3001 526 3060 Excusare
541 2997 678 3058 laborem
693 3005 726 3058 et
740 2998 956 3058 mercennaria
970 2997 1083 3072 vincla,

367 3096 456 3168 Quod
471 3115 535 3155 non
549 3113 640 3154 mane
655 3096 784 3155 domum
799 3094 947 3168 venisset,
962 3094 1097 3172 denique
1113 3097 1195 3172 quod
1211 3117 1273 3159 non

366 3193 563 3254 Providisset
577 3210 657 3251 eum.
702 3192 771 3252 ‘Sic
785 3191 944 3267 ignovisse
959 3197 1071 3268 putato

366 3291 420 3349 Me
435 3290 504 3362 tibi,
519 3289 548 3349 si
561 3306 654 3370 cenas
668 3288 761 3349 hodie
777 3290 919 3347 mecum)
963 3289 1029 3349 ‘Ut
1044 3287 1141 3349 libet’
1184 3291 1285 3369 ‘Ergo
1398 3306 1430 3353 ro

365 3388 444 3447 Post
458 3405 572 3446 nonam
588 3385 712 3462 venies3
735 3404 819 3461 nunc
834 3385 854 3459 i,
870 3404 935 3444 rem
950 3391 1097 3446 strenuus
1112 3389 1211 3462 auge!

367 3486 414 3546 Ut
429 3490 557 3545 ventum
572 3484 613 3544 ad
627 3502 734 3544 cenam
750 3490 806 3558 est,
823 3483 957 3543 dicenda
968 3484 1101 3542 tacenda
1114 3483 1238 3546 locutus

365 3581 504 3642 Tandem
520 3580 690 3641 dormitum
705 3580 887 3640 dimittitur.
931 3580 995 3640 Hic
1010 3580 1063 3639 ubi
1079 3598 1171 3658 saepe

365 3678 531 3741 Occultum
546 3678 632 3738 visus
647 3675 922 3755 decurrerepiscis
937 3678 977 3737 ad
992 3677 1129 3752 hamum,

338 3812 344 3823 ·
364 3777 459 3835 Mane
473 3776 571 3836 cliens
585 3782 618 3835 et
632 3775 693 3835 iam
709 3780 812 3836 certus
827 3775 968 3849 conviva,
983 3775 1111 3835 iubetur

364 3873 453 3933 Rura
466 3873 644 3934 suburbana
658 3872 786 3932 indictis
801 3890 903 3932 comes
919 3872 965 3932 ire
979 3872 1111 3933 Latinis.

403 3969 576 4048 Impositus
591 3969 715 4029 mannis
730 3987 841 4028 arvum
857 3968 1041 4046 caelumque
1057 3968 1207 4030 Sabinum

362 4067 435 4127 Non
451 4073 553 4128 cessat
568 4067 704 4127 laudare.
749 4065 844 4126 Videt
859 4065 1003 4143 ridetque
1019 4066 1197 4145 Philippus,

362 4165 405 4224 Et
420 4164 480 4225 sibi
495 4165 568 4224 dum
585 4164 733 4241 requiem,
749 4163 824 4223 dum
839 4164 921 4224 risus
937 4163 1076 4242 undique
1092 4164 1225 4242 quaerit,

363 4263 446 4322 Dum
461 4267 581 4340 septem
596 4263 692 4322 donat
707 4260 861 4334 sestertia,
877 4267 988 4321 mutua
1001 4267 1121 4339 septem

362 4359 534 4435 Promittit,
550 4358 717 4441 persuadet
731 4357 779 4419 uti
793 4364 948 4419 mercetur
962 4357 1107 4437 agellum
