3592 5067
377 969 444 1037 ιιι]
823 967 936 1017 mann
959 966 996 1018 ιι
1374 959 1435 1027 147

490 1143 518 1206 e)
537 1141 621 1191 Later
632 1138 655 1189 it
666 1139 763 1191 roused
776 1145 805 1190 to
818 1154 880 1201 war,
895 1139 950 1190 and
963 1139 1055 1190 roieed
1068 1139 1114 1191 the
1126 1143 1236 1204 eracles,
1249 1145 1381 1209 lod-4073

484 1220 520 1284 s)
540 1217 566 1267 Δ
578 1216 764 1267 combination
776 1216 806 1267 oi
823 1217 931 1267 natural
944 1216 1040 1281 ability
1051 1216 1106 1267 and
1124 1218 1191 1269 hard
1207 1221 1281 1271 work
1297 1222 1375 1273 make
1391 1224 1437 1275 tbe

572 1298 645 1357 poet,
657 1294 791 1354 4084183

489 1371 520 1435 p)
542 1370 583 1420 ile
604 1375 678 1420 must
697 1369 761 1420 seek
781 1368 918 1432 impartial
936 1370 1065 1421 criticism
1085 1369 1155 1421 irom
1178 1371 1254 1423 those
1274 1374 1385 1437 capable
1407 1376 1437 1427 ol

571 1446 729 1511 expressing
740 1459 757 1496 a
768 1445 851 1496 frank
862 1447 984 1509 opinion,
998 1447 1114 1498 lla-452
1125 1464 1132 1509 ;

489 1524 521 1588 b)
540 1523 566 1573 Δ
584 1536 648 1573 man
664 1524 726 1573 who
743 1522 848 1573 refuses
864 1530 892 1572 ω
909 1524 1013 1573 submit
1029 1524 1071 1574 his
1088 1523 1162 1573 work
1179 1524 1362 1595 maritimam,
1382 1528 1436 1578 and

571 1598 681 1663 regards
698 1598 806 1649 himsell
824 1612 854 1649 aa
870 1598 971 1660 divine,
984 1599 1008 1648 is
1024 1612 1042 1649 a
1057 1599 1209 1665 dangerous
1226 1599 1361 1665 madmam
1374 1604 1436 1657 who

570 1674 668 1726 should
686 1676 719 1726 be
736 1674 870 1738 sbunned,
884 1675 1009 1726 sna-476.

414 1792 443 1844 2.
468 1792 565 1844 Time:
583 1792 614 1842 16
627 1806 680 1843 ac.

414 1992 562 2053 Humano
576 1993 674 2071 capiti
689 1993 842 2053 cervicem
858 1993 961 2071 pictor
975 1994 1122 2071 equinam

342 2135 345 2142 .
373 2089 508 2166 Iungere
523 2090 550 2150 si
566 2089 644 2149 velit
658 2095 691 2150 et
705 2090 810 2150 varias
826 2090 974 2151 inducere
989 2091 1114 2169 plumas

373 2187 524 2264 Undique
539 2186 672 2248 conlatis
687 2187 847 2262 membris,
862 2193 898 2247 ut
912 2177 1166 2269 turpiterlatrum

372 2283 506 2344 Desinat
521 2284 553 2343 in
569 2285 691 2362 piscem
702 2284 816 2344 mulier
830 2284 971 2346 formosa
984 2303 1134 2363 superne;

373 2381 555 2459 Spectatum
569 2382 701 2443 admissi
717 2382 815 2443 risum
831 2382 976 2458 teneatis,
992 2383 1110 2443 amici?

372 2476 507 2554 Credite,
523 2480 665 2555 Pisones,
681 2479 736 2540 isti
752 2478 878 2540 tabulae
893 2479 962 2540 fore
976 2478 1092 2540 librum
1126 2503 1131 2510 ·

372 2574 581 2651 Persimilem,
597 2576 700 2650 euius,
712 2576 800 2635 velut
815 2576 902 2652 aegri
917 2577 1047 2650 somnia,
1063 2595 1162 2638 ranae

373 2671 548 2749 Fingentur
562 2672 692 2749 speeies,
707 2679 744 2732 ut
758 2691 815 2732 nee
831 2653 1068 2751 pesffiaput
1081 2674 1136 2733 uni

372 2768 537 2829 Reddatur
550 2768 678 2829 formae.
722 2769 918 2831 ‘Pictoribus
933 2776 1028 2845 atque
1044 2771 1143 2846 poetis

371 2864 533 2935 Quidlibet
546 2864 682 2924 audendi
698 2882 822 2942 semper
836 2864 901 2924 fuit
914 2883 1015 2943 aequa
1028 2867 1187 2943 potestas)
1402 2885 1432 2932 ιο

371 2961 503 3035 Seimus,
518 2966 551 3021 et
565 2961 646 3021 hane
661 2961 785 3020 veniam
801 2962 1002 3038 petimusque
1017 2962 1190 3041 damusque
1204 2963 1362 3044 vicissim3

370 3057 432 3119 Sed
448 3077 509 3118 non
524 3064 561 3118 ut
576 3056 709 3135 placidis
723 3064 835 3118 coeant
851 3057 996 3131 immitia,
1012 3077 1074 3118 non
1089 3066 1126 3119 ut

371 3154 538 3234 Serpentes
553 3155 666 3215 avibus
681 3154 888 3230 geminentur,
906 3154 1041 3231 tigribus
1056 3156 1137 3232 agni.

409 3252 549 3330 Inceptis
563 3251 711 3329 gravibus
727 3251 912 3329 plerumque
927 3257 959 3311 et
974 3270 1086 3327 magna
1101 3240 1252 3330 professis

369 3348 556 3427 Purpureus,
573 3348 635 3408 late
650 3348 704 3425 qui
721 3346 895 3425 splendeat,
911 3366 993 3408 unus
1008 3355 1039 3408 et
1053 3349 1134 3409 alter
1400 3368 1429 3413 ιι

369 3444 524 3505 Adsuitur
538 3463 670 3523 pannus,
686 3463 755 3505 cunr
771 3444 861 3505 lucus
876 3450 909 3504 et
924 3462 979 3504 ara
992 3444 1112 3506 Dianae

367 3541 410 3602 Et
424 3542 620 3620 properantis
635 3559 734 3620 aquae
749 3560 804 3619 per
818 3559 965 3602 amoenos
981 3542 1117 3603 ambitus
1131 3561 1221 3620 agros

366 3639 434 3699 Aut
448 3639 563 3699 flumen
580 3639 724 3698 Rhenum
740 3645 795 3698 aut
810 3638 939 3717 pluvius
954 3639 1144 3700 describitur
1157 3659 1255 3702 araus.

367 3735 428 3796 Sed
444 3754 525 3796 nune
540 3754 601 3795 non
617 3742 684 3796 erat
698 3735 748 3796 his
764 3735 858 3797 loeus.
904 3736 946 3795 Et
962 3736 1097 3797 fortasse
1110 3756 1291 3816 cupressum

367 3832 434 3893 Seis
449 3832 613 3895 simulare:
639 3832 718 3911 quid
734 3832 800 3906 hoe,
817 3832 843 3893 si
859 3833 971 3894 fractis
986 3840 1093 3894 enatat
1107 3854 1218 3913 exspes
1396 3854 1427 3900 ιο

364 3928 519 4004 Navibus,
535 3930 609 3990 dato
623 3948 694 3990 aere
708 3930 762 4007 qui
778 3930 948 4008 pingitur?
990 3931 1152 4009 Amphora
1165 3933 1269 4012 eoepit

364 4025 511 4101 Institui;
533 4033 676 4087 currente
691 4034 760 4087 rota
773 4046 828 4086 eur
843 4045 954 4087 urceus
969 4028 1062 4087 exit?
1373 4026 1376 4031 ’

330 4160 332 4164 ⁷
364 4121 507 4199 Denique
522 4123 565 4184 sit
578 4124 716 4201 quidvis,
731 4124 867 4203 simplex
881 4125 1048 4185 dumtaxat
1062 4131 1094 4185 et
1109 4146 1214 4187 unum.

330 4238 333 4245 ·
403 4220 545 4280 Maxima
559 4239 630 4298 pars
646 4227 761 4295 vatum,
777 4228 868 4300 pater
881 4228 915 4282 et
929 4222 1057 4283 iuvenes
1072 4230 1161 4301 patre
1175 4225 1274 4303 digni,

364 4312 663 4398 Decipimurspeeie
678 4319 763 4378 recti.
808 4319 919 4380 Brevis
937 4338 1006 4382 esse
1020 4319 1137 4397 laboro,
1393 4338 1424 4387 26
