3592 5067
390 983 442 1050 m]
843 978 954 1028 orosa
977 977 1000 1027 1.

387 1154 473 1226 Quae
487 1151 619 1213 laedunt
633 1149 759 1211 oculum
775 1149 909 1211 festinas
924 1150 1064 1225 demere3
1088 1150 1115 1211 si
1131 1150 1209 1227 quid

386 1252 446 1313 Est
459 1251 610 1323 animum,
625 1246 737 1308 differs
752 1248 882 1307 curandi
897 1252 1022 1325 tempus
1038 1248 1070 1306 in
1086 1249 1229 1307 annum?

386 1348 561 1409 Dimidium
578 1345 656 1405 fecti
671 1345 726 1422 qui
741 1345 845 1422 coepit
859 1344 972 1421 habet3
995 1363 1104 1423 sapere
1118 1346 1198 1406 aude
1207 1368 1215 1421 3

324 1452 328 1456 '
386 1446 503 1523 Incipe.
547 1443 607 1515 Qui
623 1449 707 1502 recte
721 1442 851 1501 vivendi
868 1449 1015 1520 prorogat
1032 1443 1148 1519 horam,

383 1543 535 1605 Rusticus
550 1543 714 1619 exspectat
728 1539 804 1599 dum
820 1539 938 1600 defluat
953 1541 1072 1615 amnis3
1094 1540 1196 1601 atille

384 1640 516 1701 Labitur
530 1646 563 1699 et
577 1638 700 1698 labetur
716 1638 750 1696 in
765 1655 856 1696 omne
873 1637 1022 1698 volubilis
1037 1657 1153 1698 aevum.

422 1737 590 1808 Quaeritur
605 1743 770 1812 argentum
786 1735 956 1814 puerisque
971 1736 1063 1795 beata
1075 1736 1219 1797 creandis

385 1836 481 1909 Uxor,
496 1840 529 1894 et
543 1833 681 1894 incultae
697 1841 851 1911 pacantur
866 1851 991 1892 vomere
1006 1832 1120 1909 silvae5

381 1930 468 2001 Quod
483 1930 560 1992 satis
576 1936 624 1990 est
638 1930 688 1989 cui
703 1930 870 2006 contingit,
885 1929 966 1988 nihil
983 1930 1119 2007 amplius
1133 1937 1230 2008 optet

380 2028 453 2088 Non
468 2028 578 2087 domus
592 2034 626 2087 et
640 2027 770 2101 fundus,
786 2046 848 2086 non
863 2027 945 2087 aeris
960 2045 1089 2087 acervus
1104 2037 1136 2087 et
1150 2027 1219 2087 auri

379 2126 517 2201 Aegroto
532 2124 653 2185 domini
668 2124 803 2184 deduxit
818 2140 945 2201 corpore
961 2123 1068 2199 febris,

378 2221 450 2281 Non
466 2222 572 2281 animo
586 2239 694 2296 curas余
719 2220 825 2280 valeat
840 2238 1001 2298 possessor
1015 2228 1147 2298 oportet,

379 2316 413 2378 Si
427 2318 632 2396 comportatis
647 2317 739 2378 rebus
755 2317 833 2377 bene
847 2317 966 2394 cogitat
981 2318 1035 2377 uti.

377 2413 437 2484 Qui
451 2415 540 2493 cupit
553 2421 609 2475 aut
623 2414 747 2489 metuit,
764 2414 853 2474 iuvat
869 2413 960 2472 illum
975 2414 1021 2474 sic
1036 2415 1145 2475 domus
1160 2422 1191 2474 et
1207 2434 1264 2490 res,

378 2514 424 2575 Ut
438 2512 560 2590 lippum
577 2512 680 2590 pictae
694 2511 830 2586 tabulae,
847 2510 990 2570 fomenta
1005 2511 1183 2589 podagram,

375 2608 542 2669 Auriculas
557 2608 696 2668 citharae
711 2608 845 2667 collecta
859 2608 949 2667 sorde
964 2607 1108 2668 dolentis.

375 2702 536 2764 Sincerum
552 2710 600 2764 est
614 2704 677 2762 nisi
693 2722 758 2778 vas,
775 2703 993 2780 quodcumque
1009 2704 1152 2764 infundis
1167 2705 1292 2764 acescit.

415 2799 533 2878 Sperne
549 2800 746 2877 voluptates余
769 2807 860 2859 nocet
875 2807 982 2876 empta
997 2800 1102 2860 dolore
1118 2800 1274 2879 voluptas.

374 2896 503 2975 Semper
516 2914 630 2955 avarus
644 2902 731 2972 eget3
754 2903 874 2955 certum
890 2904 963 2955 voto
978 2903 1049 2973 pete
1065 2896 1166 2956 finem.

374 2992 506 3053 Invidus
521 2991 654 3052 alterius
668 2992 835 3075 macrescit
850 2991 941 3051 rebus
957 2993 1089 3069 opimis余

373 3088 500 3148 Invidia
514 3086 614 3148 Siculi
629 3106 690 3147 non
708 3088 858 3147 invenere
873 3088 1002 3165 tyranni

371 3184 476 3245 Maius
490 3191 691 3244 tormentum.
735 3183 796 3254 Qui
811 3201 873 3243 non
888 3185 1102 3244 moderabitur
1116 3186 1190 3262 irae,

371 3280 531 3341 Infectum
545 3280 630 3340 volet
645 3298 723 3354 esse,
740 3280 829 3361 dolor
843 3281 927 3358 quod
943 3281 1079 3342 suaserit
1093 3290 1125 3342 et
1138 3300 1239 3358 mens,

370 3377 454 3437 Dum
469 3395 585 3454 poenas
600 3377 672 3440 odio
686 3395 742 3454 per
757 3377 821 3436 vim
838 3376 972 3436 festinat
987 3376 1097 3437 inulto.

369 3474 524 3555 Iragiurcr
537 3472 642 3533 brevis
657 3480 722 3547 est3
745 3473 886 3533 animum
903 3471 991 3548 rege3
1015 3474 1069 3551 qui
1084 3474 1146 3535 nisi
1161 3481 1260 3554 paret,

369 3570 527 3648 Imperat:
551 3569 633 3629 hunc
649 3570 757 3643 frenis,
775 3570 858 3630 hunc
874 3577 909 3629 tu
924 3588 1085 3648 compesce
1099 3578 1218 3632 catena

408 3667 517 3742 Fingit
530 3684 646 3744 equum
661 3674 771 3726 tenera
786 3666 919 3726 docilem
936 3668 1056 3728 cervice
1072 3669 1221 3745 magister

368 3765 419 3824 Ire
435 3764 517 3824 viam
532 3781 595 3841 qua
609 3769 763 3824 monstrat
777 3782 891 3841 eques余
915 3765 1087 3839 venaticus,
1102 3784 1141 3825 ex
1157 3785 1220 3843 quo

367 3862 519 3939 Tempore
533 3860 691 3920 cervinam
707 3860 823 3939 pellem
839 3861 970 3921 latravit
986 3863 1017 3921 in
1033 3862 1113 3937 aula,

367 3958 487 4017 Militat
501 3957 535 4016 in
550 3956 640 4017 silvis
654 3956 786 4018 catulus.
830 3958 861 4018 N
864 3977 924 4017 unc
939 3959 1052 4019 adbibe
1067 3978 1145 4038 puro

365 4055 495 4115 Pectore
510 4053 613 4129 verba,
629 4073 715 4132 puer,
732 4073 814 4114 nunc
830 4062 861 4114 te
877 4055 1061 4116 melioribus
1076 4056 1162 4116 offer.

365 4151 431 4223 Quo
446 4151 540 4211 semel
557 4157 606 4211 est
621 4151 743 4229 imbuta
758 4171 865 4212 recens
880 4152 1020 4213 servabit
1034 4153 1160 4214 odorem

365 4249 460 4308 Testa
474 4248 538 4307 diu.
580 4248 698 4319 Quodsi
713 4267 817 4309 cessas
832 4256 887 4310 aut
902 4257 1049 4311 strenuus
1064 4251 1177 4326 entole,

363 4343 394 4403 N
396 4361 431 4403 ec
445 4344 570 4405 tardum
585 4345 731 4423 opperior
745 4363 802 4405 nec
817 4346 1078 4423 praecedentibus
1093 4347 1187 4423 insto.
