<?xml version="1.0" encoding="UTF-8"?>
<!DOCTYPE html PUBLIC "-//W3C//DTD XHTML 1.0 Transitional//EN"
    "http://www.w3.org/TR/xhtml1/DTD/xhtml1-transitional.dtd">
<html xmlns="http://www.w3.org/1999/xhtml" xml:lang="en" lang="en">
 <head>
  <title>
</title>
<meta http-equiv="Content-Type" content="text/html;charset=utf-8" />
  <meta name='ocr-system' content='tesseract 3.04.00' />
  <meta name='ocr-capabilities' content='ocr_page ocr_carea ocr_par ocr_line ocrx_word'/>
</head>
<body>
  <div class='ocr_page' id='page_1' title='image "./qhoratiflaccise00rolfgoog_0130.png"; bbox 0 0 3592 5067; ppageno 0'>
   <div class='ocr_carea' id='block_1_1' title="bbox 384 896 1020 965">
    <p class='ocr_par' dir='ltr' id='par_1_1' title="bbox 384 896 1020 965">
     <span class='ocr_line' id='line_1_1' title="bbox 384 896 1020 965; baseline 0.008 -4"><span class='ocrx_word' id='word_1_1' title='bbox 384 896 428 961; x_wconf 73' lang='grc'>72</span> <span class='ocrx_word' id='word_1_2' title='bbox 814 913 1020 965; x_wconf 78' lang='lat' dir='ltr'>snnuonuu</span> 
     </span>
    </p>
   </div>
   <div class='ocr_carea' id='block_1_2' title="bbox 365 1081 1441 4347">
    <p class='ocr_par' dir='ltr' id='par_1_2' title="bbox 365 1081 1441 4347">
     <span class='ocr_line' id='line_1_2' title="bbox 383 1081 1173 1164; baseline 0.016 -25"><span class='ocrx_word' id='word_1_3' title='bbox 383 1081 551 1158; x_wconf 90' lang='lat' dir='ltr'>Imprimat</span> <span class='ocrx_word' id='word_1_4' title='bbox 565 1083 627 1158; x_wconf 85' lang='lat' dir='ltr'>bis,</span> <span class='ocrx_word' id='word_1_5' title='bbox 641 1103 725 1161; x_wconf 90' lang='lat' dir='ltr'>cura,</span> <span class='ocrx_word' id='word_1_6' title='bbox 740 1086 907 1147; x_wconf 82' lang='lat' dir='ltr'>Maecenas</span> <span class='ocrx_word' id='word_1_7' title='bbox 922 1088 1013 1164; x_wconf 87' lang='lat' dir='ltr'>signa</span> <span class='ocrx_word' id='word_1_8' title='bbox 1026 1089 1173 1151; x_wconf 77' lang='lat' dir='ltr'>tabellis’</span> 
     </span>
     <span class='ocr_line' id='line_1_3' title="bbox 383 1178 1285 1263; baseline 0.009 -26"><span class='ocrx_word' id='word_1_9' title='bbox 383 1178 520 1253; x_wconf 82' lang='lat' dir='ltr'>Dixeris,</span> <span class='ocrx_word' id='word_1_10' title='bbox 536 1182 741 1260; x_wconf 84' lang='lat' dir='ltr'>‘Experiar&#39;;</span> <span class='ocrx_word' id='word_1_11' title='bbox 764 1185 816 1245; x_wconf 88' lang='lat' dir='ltr'>‘Si</span> <span class='ocrx_word' id='word_1_12' title='bbox 831 1185 890 1259; x_wconf 84' lang='lat' dir='ltr'>vis,</span> <span class='ocrx_word' id='word_1_13' title='bbox 906 1186 1015 1263; x_wconf 64' lang='lat' dir='ltr'>potes}</span> <span class='ocrx_word' id='word_1_14' title='bbox 1028 1186 1119 1246; x_wconf 87' lang='lat' dir='ltr'>addit</span> <span class='ocrx_word' id='word_1_15' title='bbox 1133 1194 1165 1247; x_wconf 91' lang='lat' dir='ltr'>et</span> <span class='ocrx_word' id='word_1_16' title='bbox 1178 1188 1285 1246; x_wconf 80' lang='lat' dir='ltr'>instat</span> 
     </span>
     <span class='ocr_line' id='line_1_4' title="bbox 422 1275 1441 1360; baseline 0.004 -23"><span class='ocrx_word' id='word_1_17' title='bbox 422 1275 584 1355; x_wconf 78' lang='lat' dir='ltr'>Septimus</span> <span class='ocrx_word' id='word_1_18' title='bbox 597 1288 709 1340; x_wconf 83' lang='lat' dir='ltr'>octavo</span> <span class='ocrx_word' id='word_1_19' title='bbox 723 1283 851 1360; x_wconf 84' lang='lat' dir='ltr'>propior</span> <span class='ocrx_word' id='word_1_20' title='bbox 865 1283 927 1341; x_wconf 88' lang='lat' dir='ltr'>iam</span> <span class='ocrx_word' id='word_1_21' title='bbox 943 1283 1061 1359; x_wconf 83' lang='lat' dir='ltr'>fugerit</span> <span class='ocrx_word' id='word_1_22' title='bbox 1074 1302 1185 1358; x_wconf 83' lang='lat' dir='ltr'>annus,</span> <span class='ocrx_word' id='word_1_23' title='bbox 1407 1295 1441 1341; x_wconf 69' lang='grc' dir='ltr'><strong>ω</strong></span> 
     </span>
     <span class='ocr_line' id='line_1_5' title="bbox 380 1374 1137 1456; baseline 0.008 -24"><span class='ocrx_word' id='word_1_24' title='bbox 380 1374 429 1433; x_wconf 82' lang='lat' dir='ltr'>Ex</span> <span class='ocrx_word' id='word_1_25' title='bbox 444 1394 507 1452; x_wconf 95' lang='lat' dir='ltr'>quo</span> <span class='ocrx_word' id='word_1_26' title='bbox 522 1376 688 1438; x_wconf 84' lang='lat' dir='ltr'>Maecenas</span> <span class='ocrx_word' id='word_1_27' title='bbox 702 1396 752 1437; x_wconf 89' lang='lat' dir='ltr'>me</span> <span class='ocrx_word' id='word_1_28' title='bbox 766 1379 870 1456; x_wconf 90' lang='lat' dir='ltr'>ooepit</span> <span class='ocrx_word' id='word_1_29' title='bbox 884 1379 998 1439; x_wconf 90' lang='lat' dir='ltr'>habere</span> <span class='ocrx_word' id='word_1_30' title='bbox 1012 1399 1137 1440; x_wconf 90' lang='lat' dir='ltr'>suorum</span> 
     </span>
     <span class='ocr_line' id='line_1_6' title="bbox 381 1472 1241 1553; baseline 0.009 -23"><span class='ocrx_word' id='word_1_31' title='bbox 381 1472 420 1530; x_wconf 94' lang='lat' dir='ltr'>In</span> <span class='ocrx_word' id='word_1_32' title='bbox 435 1491 574 1548; x_wconf 89' lang='lat' dir='ltr'>numero,</span> <span class='ocrx_word' id='word_1_33' title='bbox 589 1474 757 1535; x_wconf 80' lang='lat' dir='ltr'><strong>dumtaxat</strong></span> <span class='ocrx_word' id='word_1_34' title='bbox 770 1475 811 1535; x_wconf 91' lang='lat' dir='ltr'>ad</span> <span class='ocrx_word' id='word_1_35' title='bbox 825 1476 895 1550; x_wconf 90' lang='lat' dir='ltr'>hoc,</span> <span class='ocrx_word' id='word_1_36' title='bbox 910 1495 1002 1553; x_wconf 92' lang='lat' dir='ltr'>quem</span> <span class='ocrx_word' id='word_1_37' title='bbox 1017 1477 1128 1536; x_wconf 87' lang='lat' dir='ltr'>tollere</span> <span class='ocrx_word' id='word_1_38' title='bbox 1145 1477 1241 1538; x_wconf 81' lang='lat' dir='ltr'>raeda</span> 
     </span>
     <span class='ocr_line' id='line_1_7' title="bbox 379 1568 1130 1651; baseline 0.011 -25"><span class='ocrx_word' id='word_1_39' title='bbox 379 1568 486 1629; x_wconf 88' lang='lat' dir='ltr'>Vellet</span> <span class='ocrx_word' id='word_1_40' title='bbox 500 1570 706 1646; x_wconf 85' lang='lat' dir='ltr'>iterfaciens,</span> <span class='ocrx_word' id='word_1_41' title='bbox 720 1579 754 1631; x_wconf 90' lang='lat' dir='ltr'>et</span> <span class='ocrx_word' id='word_1_42' title='bbox 767 1574 818 1632; x_wconf 90' lang='lat' dir='ltr'>cui</span> <span class='ocrx_word' id='word_1_43' title='bbox 832 1574 1017 1634; x_wconf 85' lang='lat' dir='ltr'>concredere</span> <span class='ocrx_word' id='word_1_44' title='bbox 1031 1592 1130 1651; x_wconf 84' lang='lat' dir='ltr'>nugas</span> 
     </span>
     <span class='ocr_line' id='line_1_8' title="bbox 379 1666 1436 1747; baseline 0.002 -23"><span class='ocrx_word' id='word_1_45' title='bbox 379 1666 449 1725; x_wconf 87' lang='lat' dir='ltr'>Hoc</span> <span class='ocrx_word' id='word_1_46' title='bbox 462 1686 577 1742; x_wconf 91' lang='lat' dir='ltr'>genus:</span> <span class='ocrx_word' id='word_1_47' title='bbox 600 1668 708 1727; x_wconf 86' lang='lat' dir='ltr'>‘Hora</span> <span class='ocrx_word' id='word_1_48' title='bbox 717 1678 816 1745; x_wconf 90' lang='lat' dir='ltr'>quota</span> <span class='ocrx_word' id='word_1_49' title='bbox 825 1673 900 1730; x_wconf 87' lang='lat' dir='ltr'>est?</span> <span class='ocrx_word' id='word_1_50' title='bbox 931 1672 1055 1729; x_wconf 80' lang='lat' dir='ltr'>Thraex</span> <span class='ocrx_word' id='word_1_51' title='bbox 1066 1678 1115 1730; x_wconf 75' lang='lat' dir='ltr'>eet</span> <span class='ocrx_word' id='word_1_52' title='bbox 1126 1669 1255 1731; x_wconf 76' lang='lat' dir='ltr'><strong>Gallina</strong></span> <span class='ocrx_word' id='word_1_53' title='bbox 1265 1669 1436 1747; x_wconf 82' lang='lat' dir='ltr'>Syropar?</span> 
     </span>
     <span class='ocr_line' id='line_1_9' title="bbox 379 1763 1438 1843; baseline 0.002 -22"><span class='ocrx_word' id='word_1_54' title='bbox 379 1763 664 1842; x_wconf 85' lang='lat' dir='ltr'>Matutinaparum</span> <span class='ocrx_word' id='word_1_55' title='bbox 678 1774 789 1826; x_wconf 86' lang='lat' dir='ltr'>cautos</span> <span class='ocrx_word' id='word_1_56' title='bbox 803 1766 865 1825; x_wconf 90' lang='lat' dir='ltr'>iam</span> <span class='ocrx_word' id='word_1_57' title='bbox 880 1767 1002 1843; x_wconf 82' lang='lat' dir='ltr'>frigora</span> <span class='ocrx_word' id='word_1_58' title='bbox 1014 1767 1193 1841; x_wconf 80' lang='lat' dir='ltr'>mordent3&#39;</span> <span class='ocrx_word' id='word_1_59' title='bbox 1405 1778 1438 1823; x_wconf 67' lang='lat'>45</span> 
     </span>
     <span class='ocr_line' id='line_1_10' title="bbox 378 1859 1100 1939; baseline 0.006 -22"><span class='ocrx_word' id='word_1_60' title='bbox 378 1859 420 1917; x_wconf 88' lang='lat' dir='ltr'>Et</span> <span class='ocrx_word' id='word_1_61' title='bbox 435 1878 516 1936; x_wconf 90' lang='lat' dir='ltr'>quae</span> <span class='ocrx_word' id='word_1_62' title='bbox 530 1861 647 1920; x_wconf 79' lang='lat' dir='ltr'>rimosa</span> <span class='ocrx_word' id='word_1_63' title='bbox 660 1862 739 1921; x_wconf 86' lang='lat' dir='ltr'>bene</span> <span class='ocrx_word' id='word_1_64' title='bbox 753 1862 956 1939; x_wconf 89' lang='lat' dir='ltr'>deponuntur</span> <span class='ocrx_word' id='word_1_65' title='bbox 969 1864 1002 1922; x_wconf 94' lang='lat' dir='ltr'>in</span> <span class='ocrx_word' id='word_1_66' title='bbox 1016 1882 1100 1923; x_wconf 93' lang='lat' dir='ltr'>aure.</span> 
     </span>
     <span class='ocr_line' id='line_1_11' title="bbox 377 1949 1277 2035; baseline 0.004 -21"><span class='ocrx_word' id='word_1_67' title='bbox 377 1955 440 2014; x_wconf 91' lang='lat' dir='ltr'>Per</span> <span class='ocrx_word' id='word_1_68' title='bbox 453 1964 555 2015; x_wconf 91' lang='lat' dir='ltr'>totum</span> <span class='ocrx_word' id='word_1_69' title='bbox 571 1956 629 2016; x_wconf 91' lang='lat' dir='ltr'>hoc</span> <span class='ocrx_word' id='word_1_70' title='bbox 643 1969 770 2035; x_wconf 89' lang='lat' dir='ltr'>tempus</span> <span class='ocrx_word' id='word_1_71' title='bbox 785 1960 956 2019; x_wconf 88' lang='lat' dir='ltr'>subiectior</span> <span class='ocrx_word' id='word_1_72' title='bbox 969 1961 1001 2018; x_wconf 94' lang='lat' dir='ltr'>in</span> <span class='ocrx_word' id='word_1_73' title='bbox 1016 1960 1099 2018; x_wconf 89' lang='lat' dir='ltr'>diem</span> <span class='ocrx_word' id='word_1_74' title='bbox 1113 1966 1146 2019; x_wconf 92' lang='lat' dir='ltr'>et</span> <span class='ocrx_word' id='word_1_75' title='bbox 1159 1949 1277 2018; x_wconf 81' lang='lat' dir='ltr'>horam&#39;</span> 
     </span>
     <span class='ocr_line' id='line_1_12' title="bbox 376 2051 1100 2132; baseline 0.007 -22"><span class='ocrx_word' id='word_1_76' title='bbox 376 2051 524 2112; x_wconf 81' lang='lat' dir='ltr'>Invidiae</span> <span class='ocrx_word' id='word_1_77' title='bbox 537 2061 652 2114; x_wconf 85' lang='lat' dir='ltr'>noster.</span> <span class='ocrx_word' id='word_1_78' title='bbox 696 2053 804 2114; x_wconf 86' lang='lat' dir='ltr'>Ludos</span> <span class='ocrx_word' id='word_1_79' title='bbox 818 2062 1015 2132; x_wconf 82' lang='lat' dir='ltr'>spectaverat</span> <span class='ocrx_word' id='word_1_80' title='bbox 1028 2075 1100 2125; x_wconf 89' lang='lat' dir='ltr'>una,</span> 
     </span>
     <span class='ocr_line' id='line_1_13' title="bbox 376 2148 1192 2227; baseline 0.006 -20"><span class='ocrx_word' id='word_1_81' title='bbox 376 2148 511 2208; x_wconf 83' lang='lat' dir='ltr'>Luserat</span> <span class='ocrx_word' id='word_1_82' title='bbox 525 2150 557 2207; x_wconf 94' lang='lat' dir='ltr'>in</span> <span class='ocrx_word' id='word_1_83' title='bbox 573 2169 700 2227; x_wconf 73' lang='lat' dir='ltr'>eampo3</span> <span class='ocrx_word' id='word_1_84' title='bbox 744 2152 920 2210; x_wconf 86' lang='lat' dir='ltr'>‘Fortunae</span> <span class='ocrx_word' id='word_1_85' title='bbox 934 2150 1020 2210; x_wconf 87' lang='lat' dir='ltr'>filius</span> <span class='ocrx_word' id='word_1_86' title='bbox 1030 2154 1055 2210; x_wconf 68' lang='grc' dir='ltr'>ἒ*</span> <span class='ocrx_word' id='word_1_87' title='bbox 1076 2171 1192 2212; x_wconf 63' lang='lat' dir='ltr'>omnes</span> 
     </span>
     <span class='ocr_line' id='line_1_14' title="bbox 376 2245 1165 2325; baseline 0.006 -23"><span class='ocrx_word' id='word_1_88' title='bbox 376 2245 525 2320; x_wconf 79' lang='lat' dir='ltr'>Frigidus</span> <span class='ocrx_word' id='word_1_89' title='bbox 539 2264 559 2305; x_wconf 92' lang='lat' dir='ltr'>a</span> <span class='ocrx_word' id='word_1_90' title='bbox 573 2248 685 2306; x_wconf 85' lang='lat' dir='ltr'>rostris</span> <span class='ocrx_word' id='word_1_91' title='bbox 698 2254 808 2306; x_wconf 90' lang='lat' dir='ltr'>manat</span> <span class='ocrx_word' id='word_1_92' title='bbox 821 2265 878 2324; x_wconf 88' lang='lat' dir='ltr'>per</span> <span class='ocrx_word' id='word_1_93' title='bbox 891 2247 1030 2325; x_wconf 87' lang='lat' dir='ltr'>compita</span> <span class='ocrx_word' id='word_1_94' title='bbox 1043 2266 1165 2322; x_wconf 91' lang='lat' dir='ltr'>rumor;</span> 
     </span>
     <span class='ocr_line' id='line_1_15' title="bbox 375 2341 1308 2418; baseline 0.002 -18"><span class='ocrx_word' id='word_1_95' title='bbox 375 2341 572 2418; x_wconf 84' lang='lat' dir='ltr'>Quicumque</span> <span class='ocrx_word' id='word_1_96' title='bbox 585 2343 697 2402; x_wconf 83' lang='lat' dir='ltr'>obvius</span> <span class='ocrx_word' id='word_1_97' title='bbox 712 2352 771 2415; x_wconf 86' lang='lat' dir='ltr'>est,</span> <span class='ocrx_word' id='word_1_98' title='bbox 786 2361 836 2402; x_wconf 93' lang='lat' dir='ltr'>me</span> <span class='ocrx_word' id='word_1_99' title='bbox 850 2343 1003 2403; x_wconf 85' lang='lat' dir='ltr'>consulit:</span> <span class='ocrx_word' id='word_1_100' title='bbox 1025 2343 1070 2404; x_wconf 78' lang='lat'>‘0</span> <span class='ocrx_word' id='word_1_101' title='bbox 1084 2344 1174 2417; x_wconf 91' lang='lat' dir='ltr'>bone,</span> <span class='ocrx_word' id='word_1_102' title='bbox 1188 2362 1261 2402; x_wconf 90' lang='lat' dir='ltr'>nam</span> <span class='ocrx_word' id='word_1_103' title='bbox 1275 2350 1308 2402; x_wconf 82' lang='lat' dir='ltr'>te</span> 
     </span>
     <span class='ocr_line' id='line_1_16' title="bbox 376 2437 1202 2515; baseline 0.002 -19"><span class='ocrx_word' id='word_1_104' title='bbox 376 2438 472 2511; x_wconf 88' lang='lat' dir='ltr'>Scire,</span> <span class='ocrx_word' id='word_1_105' title='bbox 485 2437 561 2496; x_wconf 82' lang='lat' dir='ltr'>deos</span> <span class='ocrx_word' id='word_1_106' title='bbox 575 2440 725 2514; x_wconf 91' lang='lat' dir='ltr'>quoniam</span> <span class='ocrx_word' id='word_1_107' title='bbox 741 2440 872 2515; x_wconf 90' lang='lat' dir='ltr'>propius</span> <span class='ocrx_word' id='word_1_108' title='bbox 885 2440 1055 2514; x_wconf 90' lang='lat' dir='ltr'>contingis,</span> <span class='ocrx_word' id='word_1_109' title='bbox 1069 2446 1202 2515; x_wconf 82' lang='lat' dir='ltr'>oportet,</span> 
     </span>
     <span class='ocr_line' id='line_1_17' title="bbox 373 2533 1334 2612; baseline 0 -19"><span class='ocrx_word' id='word_1_110' title='bbox 373 2535 405 2593; x_wconf 84' lang='lat' dir='ltr'>N</span> <span class='ocrx_word' id='word_1_111' title='bbox 408 2533 539 2610; x_wconf 91' lang='lat' dir='ltr'>umquid</span> <span class='ocrx_word' id='word_1_112' title='bbox 554 2534 593 2593; x_wconf 89' lang='lat' dir='ltr'>de</span> <span class='ocrx_word' id='word_1_113' title='bbox 608 2534 703 2594; x_wconf 88' lang='lat' dir='ltr'>Dacis</span> <span class='ocrx_word' id='word_1_114' title='bbox 717 2535 836 2594; x_wconf 90' lang='lat' dir='ltr'>audisti</span> <span class='ocrx_word' id='word_1_115' title='bbox 848 2537 883 2593; x_wconf 87' lang='lat'>?&#39;</span> <span class='ocrx_word' id='word_1_116' title='bbox 925 2541 933 2570; x_wconf 88' lang='lat'>‘</span> <span class='ocrx_word' id='word_1_117' title='bbox 942 2535 998 2595; x_wconf 71' lang='lat' dir='ltr'>xil</span> <span class='ocrx_word' id='word_1_118' title='bbox 1012 2535 1178 2612; x_wconf 67' lang='lat' dir='ltr'>equidem?</span> <span class='ocrx_word' id='word_1_119' title='bbox 1220 2537 1285 2597; x_wconf 90' lang='lat' dir='ltr'>‘Ut</span> <span class='ocrx_word' id='word_1_120' title='bbox 1299 2541 1334 2593; x_wconf 88' lang='lat' dir='ltr'>tu</span> 
     </span>
     <span class='ocr_line' id='line_1_18' title="bbox 375 2629 1260 2707; baseline 0 -17"><span class='ocrx_word' id='word_1_121' title='bbox 375 2630 506 2707; x_wconf 82' lang='lat' dir='ltr'>Semper</span> <span class='ocrx_word' id='word_1_122' title='bbox 519 2631 582 2690; x_wconf 86' lang='lat' dir='ltr'>eris</span> <span class='ocrx_word' id='word_1_123' title='bbox 596 2629 737 2690; x_wconf 69' lang='lat' dir='ltr'>derisor!</span> <span class='ocrx_word' id='word_1_124' title='bbox 780 2633 843 2690; x_wconf 84' lang='lat' dir='ltr'>‘At</span> <span class='ocrx_word' id='word_1_125' title='bbox 857 2651 965 2693; x_wconf 87' lang='lat' dir='ltr'>omnes</span> <span class='ocrx_word' id='word_1_126' title='bbox 979 2632 1012 2692; x_wconf 93' lang='lat' dir='ltr'>di</span> <span class='ocrx_word' id='word_1_127' title='bbox 1027 2632 1188 2707; x_wconf 83' lang='lat' dir='ltr'>exagitent</span> <span class='ocrx_word' id='word_1_128' title='bbox 1201 2650 1260 2705; x_wconf 90' lang='lat' dir='ltr'>me,</span> 
     </span>
     <span class='ocr_line' id='line_1_19' title="bbox 374 2726 1309 2806; baseline 0.002 -21"><span class='ocrx_word' id='word_1_129' title='bbox 374 2726 408 2786; x_wconf 88' lang='lat' dir='ltr'>Si</span> <span class='ocrx_word' id='word_1_130' title='bbox 423 2727 613 2803; x_wconf 86' lang='lat' dir='ltr'>quicquam’</span> <span class='ocrx_word' id='word_1_131' title='bbox 655 2728 783 2797; x_wconf 85' lang='lat' dir='ltr'>‘Quid?</span> <span class='ocrx_word' id='word_1_132' title='bbox 804 2728 961 2788; x_wconf 78' lang='lat' dir='ltr'>militibus</span> <span class='ocrx_word' id='word_1_133' title='bbox 975 2730 1129 2805; x_wconf 88' lang='lat' dir='ltr'>promissa</span> <span class='ocrx_word' id='word_1_134' title='bbox 1141 2729 1309 2806; x_wconf 74' lang='lat' dir='ltr'>Triquetra</span> 
     </span>
     <span class='ocr_line' id='line_1_20' title="bbox 374 2822 1173 2884; baseline 0.004 -3"><span class='ocrx_word' id='word_1_135' title='bbox 374 2822 510 2882; x_wconf 87' lang='lat' dir='ltr'>Praedia</span> <span class='ocrx_word' id='word_1_136' title='bbox 523 2824 639 2883; x_wconf 86' lang='lat' dir='ltr'>Caesar</span> <span class='ocrx_word' id='word_1_137' title='bbox 652 2842 694 2883; x_wconf 93' lang='lat' dir='ltr'>an</span> <span class='ocrx_word' id='word_1_138' title='bbox 707 2831 757 2883; x_wconf 87' lang='lat' dir='ltr'>est</span> <span class='ocrx_word' id='word_1_139' title='bbox 772 2825 857 2883; x_wconf 90' lang='lat' dir='ltr'>Itala</span> <span class='ocrx_word' id='word_1_140' title='bbox 870 2824 984 2883; x_wconf 81' lang='lat' dir='ltr'>tellure</span> <span class='ocrx_word' id='word_1_141' title='bbox 998 2825 1129 2884; x_wconf 88' lang='lat' dir='ltr'>daturus</span> <span class='ocrx_word' id='word_1_142' title='bbox 1138 2826 1173 2883; x_wconf 73' lang='lat' dir='ltr'>‘l’</span> 
     </span>
     <span class='ocr_line' id='line_1_21' title="bbox 374 2912 1186 2995; baseline 0.002 -18"><span class='ocrx_word' id='word_1_143' title='bbox 374 2920 537 2978; x_wconf 90' lang='lat' dir='ltr'>Iurantem</span> <span class='ocrx_word' id='word_1_144' title='bbox 552 2938 601 2978; x_wconf 91' lang='lat' dir='ltr'>me</span> <span class='ocrx_word' id='word_1_145' title='bbox 616 2921 697 2980; x_wconf 88' lang='lat' dir='ltr'>scire</span> <span class='ocrx_word' id='word_1_146' title='bbox 710 2920 793 2979; x_wconf 89' lang='lat' dir='ltr'>nihil</span> <span class='ocrx_word' id='word_1_147' title='bbox 810 2921 974 2995; x_wconf 91' lang='lat' dir='ltr'>mirantur,</span> <span class='ocrx_word' id='word_1_148' title='bbox 989 2928 1024 2980; x_wconf 94' lang='lat' dir='ltr'>ut</span> <span class='ocrx_word' id='word_1_149' title='bbox 1038 2940 1135 2980; x_wconf 93' lang='lat' dir='ltr'>unum</span> <span class='ocrx_word' id='word_1_150' title='bbox 1182 2912 1186 2917; x_wconf 68' lang='grc'><strong><em>’</em></strong></span> 
     </span>
     <span class='ocr_line' id='line_1_22' title="bbox 372 3016 1078 3095; baseline 0 -19"><span class='ocrx_word' id='word_1_151' title='bbox 372 3016 502 3076; x_wconf 87' lang='lat' dir='ltr'>Scilicet</span> <span class='ocrx_word' id='word_1_152' title='bbox 516 3016 633 3092; x_wconf 88' lang='lat' dir='ltr'>egregii</span> <span class='ocrx_word' id='word_1_153' title='bbox 647 3018 812 3077; x_wconf 88' lang='lat' dir='ltr'>mortalem</span> <span class='ocrx_word' id='word_1_154' title='bbox 827 3018 948 3095; x_wconf 90' lang='lat' dir='ltr'>altique</span> <span class='ocrx_word' id='word_1_155' title='bbox 962 3017 1078 3077; x_wconf 89' lang='lat' dir='ltr'>silenti.</span> 
     </span>
     <span class='ocr_line' id='line_1_23' title="bbox 413 3112 1222 3175; baseline 0.001 -4"><span class='ocrx_word' id='word_1_156' title='bbox 413 3113 562 3172; x_wconf 88' lang='lat' dir='ltr'>Perditur</span> <span class='ocrx_word' id='word_1_157' title='bbox 576 3112 654 3173; x_wconf 87' lang='lat' dir='ltr'>haec</span> <span class='ocrx_word' id='word_1_158' title='bbox 667 3114 752 3174; x_wconf 88' lang='lat' dir='ltr'>inter</span> <span class='ocrx_word' id='word_1_159' title='bbox 765 3115 881 3175; x_wconf 90' lang='lat' dir='ltr'>misero</span> <span class='ocrx_word' id='word_1_160' title='bbox 894 3114 949 3173; x_wconf 89' lang='lat' dir='ltr'>lux</span> <span class='ocrx_word' id='word_1_161' title='bbox 964 3133 1024 3174; x_wconf 94' lang='lat' dir='ltr'>non</span> <span class='ocrx_word' id='word_1_162' title='bbox 1040 3115 1108 3174; x_wconf 89' lang='lat' dir='ltr'>sine</span> <span class='ocrx_word' id='word_1_163' title='bbox 1122 3114 1222 3174; x_wconf 84' lang='lat' dir='ltr'>votis:</span> 
     </span>
     <span class='ocr_line' id='line_1_24' title="bbox 371 3209 1238 3288; baseline -0.002 -17"><span class='ocrx_word' id='word_1_164' title='bbox 371 3209 399 3271; x_wconf 94' lang='grc'><strong>0</strong></span> <span class='ocrx_word' id='word_1_165' title='bbox 414 3229 478 3284; x_wconf 92' lang='lat' dir='ltr'>rus,</span> <span class='ocrx_word' id='word_1_166' title='bbox 492 3210 620 3287; x_wconf 90' lang='lat' dir='ltr'>quando</span> <span class='ocrx_word' id='word_1_167' title='bbox 633 3229 692 3286; x_wconf 90' lang='lat' dir='ltr'>ego</span> <span class='ocrx_word' id='word_1_168' title='bbox 705 3218 737 3270; x_wconf 89' lang='lat' dir='ltr'>te</span> <span class='ocrx_word' id='word_1_169' title='bbox 751 3212 912 3288; x_wconf 85' lang='lat' dir='ltr'>aspiciam,</span> <span class='ocrx_word' id='word_1_170' title='bbox 926 3211 1113 3288; x_wconf 89' lang='lat' dir='ltr'>quandoque</span> <span class='ocrx_word' id='word_1_171' title='bbox 1131 3210 1238 3269; x_wconf 91' lang='lat' dir='ltr'>licebit</span> 
     </span>
     <span class='ocr_line' id='line_1_25' title="bbox 371 3306 1267 3367; baseline -0.002 0"><span class='ocrx_word' id='word_1_172' title='bbox 371 3308 465 3367; x_wconf 84' lang='lat' dir='ltr'>Nunc</span> <span class='ocrx_word' id='word_1_173' title='bbox 477 3309 623 3367; x_wconf 69' lang='lat' dir='ltr'>”veterum</span> <span class='ocrx_word' id='word_1_174' title='bbox 638 3307 729 3367; x_wconf 92' lang='lat' dir='ltr'>libris</span> <span class='ocrx_word' id='word_1_175' title='bbox 745 3326 827 3367; x_wconf 87' lang='lat' dir='ltr'>nunc</span> <span class='ocrx_word' id='word_1_176' title='bbox 841 3327 953 3367; x_wconf 87' lang='lat' dir='ltr'>somno</span> <span class='ocrx_word' id='word_1_177' title='bbox 966 3315 998 3367; x_wconf 90' lang='lat' dir='ltr'>et</span> <span class='ocrx_word' id='word_1_178' title='bbox 1011 3307 1167 3367; x_wconf 88' lang='lat' dir='ltr'>inertibus</span> <span class='ocrx_word' id='word_1_179' title='bbox 1180 3306 1267 3365; x_wconf 87' lang='lat' dir='ltr'>horis</span> 
     </span>
     <span class='ocr_line' id='line_1_26' title="bbox 371 3404 1074 3465; baseline -0.001 -2"><span class='ocrx_word' id='word_1_180' title='bbox 371 3406 493 3464; x_wconf 89' lang='lat' dir='ltr'>Ducere</span> <span class='ocrx_word' id='word_1_181' title='bbox 507 3404 664 3465; x_wconf 87' lang='lat' dir='ltr'>sollicitae</span> <span class='ocrx_word' id='word_1_182' title='bbox 679 3404 817 3463; x_wconf 91' lang='lat' dir='ltr'>iucunda</span> <span class='ocrx_word' id='word_1_183' title='bbox 830 3404 949 3463; x_wconf 80' lang='lat' dir='ltr'>oblivia</span> <span class='ocrx_word' id='word_1_184' title='bbox 963 3404 1074 3463; x_wconf 82' lang='lat' dir='ltr'>vitae?</span> 
     </span>
     <span class='ocr_line' id='line_1_27' title="bbox 369 3500 1158 3580; baseline -0.004 -18"><span class='ocrx_word' id='word_1_185' title='bbox 369 3500 397 3562; x_wconf 94' lang='grc'><strong>0</strong></span> <span class='ocrx_word' id='word_1_186' title='bbox 411 3501 538 3577; x_wconf 91' lang='lat' dir='ltr'>quando</span> <span class='ocrx_word' id='word_1_187' title='bbox 551 3501 627 3560; x_wconf 86' lang='lat' dir='ltr'>faba</span> <span class='ocrx_word' id='word_1_188' title='bbox 640 3500 842 3580; x_wconf 78' lang='lat' dir='ltr'>Pythagorae</span> <span class='ocrx_word' id='word_1_189' title='bbox 855 3510 990 3576; x_wconf 86' lang='lat' dir='ltr'>cognata</span> <span class='ocrx_word' id='word_1_190' title='bbox 1003 3500 1158 3577; x_wconf 91' lang='lat' dir='ltr'>simulque</span> 
     </span>
     <span class='ocr_line' id='line_1_28' title="bbox 369 3596 1175 3675; baseline -0.005 -16"><span class='ocrx_word' id='word_1_191' title='bbox 369 3599 476 3659; x_wconf 87' lang='lat' dir='ltr'>Uncta</span> <span class='ocrx_word' id='word_1_192' title='bbox 491 3602 571 3658; x_wconf 87' lang='lat' dir='ltr'>satis</span> <span class='ocrx_word' id='word_1_193' title='bbox 585 3598 695 3675; x_wconf 89' lang='lat' dir='ltr'>pingui</span> <span class='ocrx_word' id='word_1_194' title='bbox 711 3606 868 3674; x_wconf 89' lang='lat' dir='ltr'>ponentur</span> <span class='ocrx_word' id='word_1_195' title='bbox 882 3596 1046 3656; x_wconf 90' lang='lat' dir='ltr'>holuscula</span> <span class='ocrx_word' id='word_1_196' title='bbox 1061 3596 1175 3656; x_wconf 86' lang='lat' dir='ltr'>lardo?</span> 
     </span>
     <span class='ocr_line' id='line_1_29' title="bbox 368 3693 1173 3772; baseline -0.002 -18"><span class='ocrx_word' id='word_1_197' title='bbox 368 3694 395 3754; x_wconf 92' lang='grc' dir='ltr'>Ο</span> <span class='ocrx_word' id='word_1_198' title='bbox 411 3703 518 3754; x_wconf 89' lang='lat' dir='ltr'>noctes</span> <span class='ocrx_word' id='word_1_199' title='bbox 532 3712 690 3771; x_wconf 86' lang='lat' dir='ltr'>cenaeque</span> <span class='ocrx_word' id='word_1_200' title='bbox 705 3694 816 3752; x_wconf 87' lang='lat' dir='ltr'>deum!</span> <span class='ocrx_word' id='word_1_201' title='bbox 837 3695 954 3772; x_wconf 92' lang='lat' dir='ltr'>quibus</span> <span class='ocrx_word' id='word_1_202' title='bbox 968 3696 1035 3771; x_wconf 88' lang='lat' dir='ltr'>ipse</span> <span class='ocrx_word' id='word_1_203' title='bbox 1050 3693 1173 3769; x_wconf 88' lang='lat' dir='ltr'>meique</span> 
     </span>
     <span class='ocr_line' id='line_1_30' title="bbox 369 3789 1224 3868; baseline -0.001 -19"><span class='ocrx_word' id='word_1_204' title='bbox 369 3792 453 3850; x_wconf 85' lang='lat' dir='ltr'>Ante</span> <span class='ocrx_word' id='word_1_205' title='bbox 468 3792 580 3850; x_wconf 87' lang='lat' dir='ltr'>Larem</span> <span class='ocrx_word' id='word_1_206' title='bbox 595 3791 758 3868; x_wconf 91' lang='lat' dir='ltr'>proprium</span> <span class='ocrx_word' id='word_1_207' title='bbox 773 3808 882 3849; x_wconf 79' lang='lat' dir='ltr'>vescor</span> <span class='ocrx_word' id='word_1_208' title='bbox 896 3808 1070 3866; x_wconf 82' lang='lat' dir='ltr'>vernasque</span> <span class='ocrx_word' id='word_1_209' title='bbox 1085 3789 1224 3865; x_wconf 88' lang='lat' dir='ltr'>procacis</span> 
     </span>
     <span class='ocr_line' id='line_1_31' title="bbox 366 3885 1204 3965; baseline -0.005 -20"><span class='ocrx_word' id='word_1_210' title='bbox 366 3888 468 3946; x_wconf 87' lang='lat' dir='ltr'>Pasco</span> <span class='ocrx_word' id='word_1_211' title='bbox 481 3887 590 3948; x_wconf 86' lang='lat' dir='ltr'>libatis</span> <span class='ocrx_word' id='word_1_212' title='bbox 605 3887 749 3965; x_wconf 79' lang='lat' dir='ltr'>dapibus</span> <span class='ocrx_word' id='word_1_213' title='bbox 791 3887 891 3945; x_wconf 86' lang='lat' dir='ltr'>Pront</span> <span class='ocrx_word' id='word_1_214' title='bbox 904 3888 1018 3963; x_wconf 89' lang='lat' dir='ltr'>cuique</span> <span class='ocrx_word' id='word_1_215' title='bbox 1033 3885 1133 3944; x_wconf 92' lang='lat' dir='ltr'>libido</span> <span class='ocrx_word' id='word_1_216' title='bbox 1145 3890 1204 3957; x_wconf 90' lang='lat' dir='ltr'>est,</span> 
     </span>
     <span class='ocr_line' id='line_1_32' title="bbox 367 3981 1074 4061; baseline -0.004 -17"><span class='ocrx_word' id='word_1_217' title='bbox 367 3984 472 4044; x_wconf 87' lang='lat' dir='ltr'>Siocat</span> <span class='ocrx_word' id='word_1_218' title='bbox 487 3983 663 4061; x_wconf 84' lang='lat' dir='ltr'>inaequalis</span> <span class='ocrx_word' id='word_1_219' title='bbox 678 3983 791 4043; x_wconf 86' lang='lat' dir='ltr'>calices</span> <span class='ocrx_word' id='word_1_220' title='bbox 805 3983 939 4042; x_wconf 75' lang='lat' dir='ltr'>conviva</span> <span class='ocrx_word' id='word_1_221' title='bbox 952 3981 1074 4042; x_wconf 90' lang='lat' dir='ltr'>solutus</span> 
     </span>
     <span class='ocr_line' id='line_1_33' title="bbox 367 4078 1116 4157; baseline -0.003 -17"><span class='ocrx_word' id='word_1_222' title='bbox 367 4081 504 4156; x_wconf 77' lang='lat' dir='ltr'>legibus</span> <span class='ocrx_word' id='word_1_223' title='bbox 520 4081 652 4153; x_wconf 85' lang='lat' dir='ltr'>insanis,</span> <span class='ocrx_word' id='word_1_224' title='bbox 668 4099 722 4141; x_wconf 83' lang='lat' dir='ltr'>seu</span> <span class='ocrx_word' id='word_1_225' title='bbox 737 4080 810 4157; x_wconf 87' lang='lat' dir='ltr'>quis</span> <span class='ocrx_word' id='word_1_226' title='bbox 824 4080 910 4157; x_wconf 87' lang='lat' dir='ltr'>capit</span> <span class='ocrx_word' id='word_1_227' title='bbox 925 4079 1010 4139; x_wconf 90' lang='lat' dir='ltr'>acria</span> <span class='ocrx_word' id='word_1_228' title='bbox 1023 4078 1116 4138; x_wconf 89' lang='lat' dir='ltr'>fortis</span> 
     </span>
     <span class='ocr_line' id='line_1_34' title="bbox 365 4176 1104 4251; baseline -0.005 -14"><span class='ocrx_word' id='word_1_229' title='bbox 365 4177 485 4237; x_wconf 90' lang='lat' dir='ltr'>Pocula</span> <span class='ocrx_word' id='word_1_230' title='bbox 499 4196 554 4237; x_wconf 89' lang='lat' dir='ltr'>seu</span> <span class='ocrx_word' id='word_1_231' title='bbox 567 4178 703 4237; x_wconf 85' lang='lat' dir='ltr'>modicis</span> <span class='ocrx_word' id='word_1_232' title='bbox 718 4176 839 4236; x_wconf 83' lang='lat' dir='ltr'>uvescit</span> <span class='ocrx_word' id='word_1_233' title='bbox 854 4176 977 4236; x_wconf 81' lang='lat' dir='ltr'>laetius</span> <span class='ocrx_word' id='word_1_234' title='bbox 1020 4176 1104 4251; x_wconf 87' lang='lat' dir='ltr'>Ergo</span> 
     </span>
     <span class='ocr_line' id='line_1_35' title="bbox 365 4272 1168 4347; baseline -0.007 -12"><span class='ocrx_word' id='word_1_235' title='bbox 365 4275 477 4335; x_wconf 86' lang='lat' dir='ltr'>Sermo</span> <span class='ocrx_word' id='word_1_236' title='bbox 490 4275 599 4347; x_wconf 90' lang='lat' dir='ltr'>oritur,</span> <span class='ocrx_word' id='word_1_237' title='bbox 614 4293 676 4334; x_wconf 91' lang='lat' dir='ltr'>nou</span> <span class='ocrx_word' id='word_1_238' title='bbox 691 4273 730 4333; x_wconf 91' lang='lat' dir='ltr'>de</span> <span class='ocrx_word' id='word_1_239' title='bbox 745 4273 832 4333; x_wconf 83' lang='lat' dir='ltr'>villis</span> <span class='ocrx_word' id='word_1_240' title='bbox 846 4273 1032 4332; x_wconf 79' lang='lat' dir='ltr'>domibusve</span> <span class='ocrx_word' id='word_1_241' title='bbox 1045 4272 1168 4343; x_wconf 90' lang='lat' dir='ltr'>alienis,</span> 
     </span>
    </p>
   </div>
   <div class='ocr_carea' id='block_1_3' title="bbox 0 0 1800 5067">
    <p class='ocr_par' dir='ltr' id='par_1_3' title="bbox 0 0 1800 5067">
     <span class='ocr_line' id='line_1_36' title="bbox 0 0 1800 5067; baseline 0 9"><span class='ocrx_word' id='word_1_242' title='bbox 0 0 1800 5067; x_wconf 95' lang='lat' dir='ltr'> </span> 
     </span>
    </p>
   </div>
  </div>
 </body>
</html>
