3592 5067
375 969 428 1036 v.]
830 963 942 1014 umen
967 962 988 1015 1.
1399 952 1442 1018 23

374 1142 521 1217 Namque
536 1135 604 1216 pila
616 1136 714 1215 lippis
733 1136 897 1197 inimicum
913 1141 945 1197 et
960 1135 1067 1196 ludere
1082 1134 1197 1196 crudis.

415 1237 502 1296 Hinc
516 1254 574 1295 nos
590 1233 699 1295 Coccei
714 1234 827 1312 recipit
841 1233 1028 1313 plenissima
1042 1231 1128 1307 villa,
1411 1248 1442 1295 so

373 1335 459 1407 Quae
475 1339 632 1413 superest
648 1332 748 1393 Caudi
763 1350 930 1410 cauponas.
972 1331 1004 1391 N
1007 1348 1067 1391 unc
1083 1330 1161 1390 mihi
1176 1330 1285 1409 paucis

374 1431 533 1494 Sarmenti
548 1447 673 1491 scurrae
688 1447 828 1509 pugnam
843 1429 1005 1508 Messique
1020 1428 1142 1504 Cicirri,

373 1531 477 1604 Musa,
493 1527 589 1588 velim
604 1546 767 1602 memores,
782 1533 815 1586 ct
829 1544 892 1605 quo
907 1532 997 1605 patre
1012 1531 1106 1587 natus
1121 1534 1253 1604 uterque

373 1626 552 1689 Contulerit
567 1624 643 1685 litis.
689 1624 786 1685 Messi
802 1624 921 1684 clarum
937 1642 1037 1701 genus
1052 1623 1141 1699 Osci3

373 1724 531 1785 Sarmenti
546 1723 673 1783 domina
687 1727 809 1795 exstat3
832 1722 872 1781 ab
885 1720 938 1781 his
951 1721 1122 1782 maioribus
1137 1720 1199 1780 orti

371 1821 424 1881 Ad
438 1838 578 1900 pugnam
594 1838 715 1879 venere.
759 1819 851 1878 Prior
866 1817 1049 1878 Sarmentus
1065 1817 1167 1896 ‘Equi
1180 1825 1212 1877 te

371 1919 450 1979 Esse
466 1917 526 1977 leri
543 1917 679 1977 similem
694 1916 785 1976 dico!
827 1915 991 1991 Ridemus,
1007 1916 1121 1994 etipse

371 2014 510 2076 Messius
525 2014 694 2092 ‘Accipio'
710 2019 806 2093 caput
821 2020 853 2073 et
868 2020 982 2073 movet.
1026 2012 1081 2088 ‘O,
1096 2019 1151 2072 tua
1166 2030 1262 2072 cornu

370 2112 415 2172 Ni
429 2112 513 2172 foret
528 2118 654 2171 exsecto
669 2111 777 2185 frons’
794 2110 908 2188 iuquit,
925 2111 1020 2188 ‘quid
1035 2110 1164 2183 faceres,
1180 2128 1250 2169 curn

371 2209 424 2269 Sic
438 2208 571 2268 mutilus
586 2209 744 2268 minitaris
754 2208 788 2267 ?'
831 2208 877 2267 At
891 2206 941 2267 illi
955 2207 1050 2267 foeda
1063 2207 1194 2267 cicatrix

371 2306 514 2366 Setosam
530 2305 612 2366 laevi
627 2306 765 2366 frontem
782 2312 966 2383 turpaverat
981 2305 1052 2364 oris.

370 2402 565 2481 Campanum
581 2404 615 2462 in
631 2404 782 2477 morbum,
799 2403 961 2462 infaciem
977 2401 1135 2481 permulta
1149 2402 1279 2477 iocatus,

369 2501 533 2560 Pastorem
549 2500 682 2560 saltaret
697 2502 744 2559 uti
759 2500 900 2578 Cyclopa
915 2500 1061 2576 rogabat;

369 2596 426 2657 Nil
442 2597 491 2656 illi
506 2596 596 2657 larva
606 2604 665 2656 aut
675 2598 806 2674 tragicis
821 2616 900 2674 opus
915 2615 983 2658 esse
998 2597 1145 2657 coturnis.

370 2692 475 2753 Multa
489 2692 630 2753 Cicirrus
645 2695 684 2753 ad
700 2695 793 2754 hacc:
817 2694 967 2754 donasset
982 2695 1085 2753 iamne
1100 2701 1242 2753 catenam

369 2790 418 2848 Ex
433 2796 507 2848 voto
522 2790 665 2865 Laribus,
682 2791 867 2867 quaerebat3
891 2791 994 2850 scriba
1008 2791 1091 2867 quod
1106 2797 1198 2864 esset,

368 2885 445 2945 Nilo
459 2886 599 2946 deterius
615 2886 760 2946 dominae
776 2887 826 2946 ius
841 2904 919 2945 esse.
962 2887 1107 2962 Rogabat

368 2983 513 3060 Denique
528 3000 584 3041 cur
597 3001 748 3060 umquam
762 2983 909 3059 fugisset,
925 2983 975 3042 cui
991 2983 1069 3042 satis
1084 3001 1148 3042 una

368 3079 475 3138 Farris
490 3078 572 3162 libra
587 3079 678 3154 foret,
695 3080 806 3156 gracili
822 3079 867 3138 sic
882 3084 1010 3155 tamque
1025 3079 1149 3157 pusillo.

367 3177 501 3237 Prorsus
516 3175 651 3235 iucunde
666 3193 776 3235 cenam
791 3175 993 3254 producimus
1009 3175 1105 3234 illam.
1403 3191 1433 3238 το

407 3272 582 3332 Tendimus
597 3272 671 3332 hinc
686 3281 772 3334 recta
787 3273 1013 3347 Beneventum,
1028 3272 1082 3331 ubi
1097 3272 1226 3333 sedulus
1241 3273 1355 3352 hospes

367 3370 471 3430 Paene
486 3388 607 3430 macros
622 3370 700 3430 arsit
716 3370 791 3430 dum
806 3370 917 3430 turdos
933 3376 1038 3430 versat
1053 3370 1085 3429 in
1101 3369 1167 3446 igni
1176 3394 1184 3446 3

366 3467 451 3527 Nam
466 3485 545 3543 vaga
560 3485 616 3544 per
631 3474 769 3528 veterem
785 3467 909 3546 dilapso
924 3468 1052 3527 flamma
1065 3467 1203 3527 culinam

366 3563 507 3625 Volcano
522 3583 680 3625 summum
696 3565 884 3643 properabat
899 3563 1036 3624 lambere
1052 3571 1178 3623 tectum.

367 3659 524 3721 Convivas
539 3662 649 3722 avidos
664 3680 773 3722 cenam
789 3679 961 3739 servosque
975 3662 1119 3722 timentis
1401 3675 1432 3722 ‘15

366 3759 447 3818 Tum
462 3777 571 3837 rapere
586 3768 681 3839 atque
696 3760 800 3819 omnis
816 3759 1011 3835 restinguere
1027 3758 1108 3819 velle
1123 3759 1253 3820 videres.

407 3856 527 3934 Incipit
540 3874 578 3915 ex
595 3857 651 3916 illo
666 3857 783 3917 montis
798 3856 919 3934 Apulia
932 3863 1023 3916 notos

366 3951 532 4013 Ostentare
547 3954 637 4028 mihi,
653 3973 731 4032 quos
746 3960 845 4013 torret
861 3953 1019 4015 Atabulus
1034 3960 1066 4013 et
1080 3972 1158 4031 quos

365 4049 548 4128 Numquam
564 4069 754 4129 erepsemus,
770 4050 833 4112 nisi
848 4069 905 4111 uos
922 4052 1027 4111 vicina
1040 4051 1159 4110 Trivici

367 4146 452 4207 villa
467 4147 646 4225 recepisset,
663 4148 829 4209 lacrimoso
843 4167 905 4207 non
921 4149 989 4209 sine
1004 4149 1102 4225 fumo,

365 4243 455 4305 Udos
471 4262 541 4304 cum
557 4243 646 4305 foliis
661 4264 764 4305 ramos
780 4252 891 4305 urente
907 4246 1038 4306 camino.

404 4340 561 4412 Quattuor
574 4341 649 4404 hinc
664 4344 805 4423 rapimur
820 4343 935 4420 viginti
950 4349 983 4404 et
997 4342 1087 4404 milia
1101 4343 1215 4420 raedis,
