3592 5067
442 940 484 1003 36
867 948 1073 1001 snauonuu

441 1122 628 1198 Praeterita,
643 1127 677 1183 et
691 1140 765 1183 casu
780 1128 856 1182 tunc
871 1122 1060 1200 respondere
1075 1122 1191 1183 vadato

441 1220 601 1295 Debebat;
624 1219 709 1298 quod
724 1219 757 1279 ni
773 1219 911 1293 fecisset,
927 1219 1057 1296 perdere
1072 1219 1170 1279 litem.

441 1317 493 1378 ‘Si
509 1335 557 1377 me
573 1318 679 1393 amas,'
696 1316 802 1396 inquit
817 1316 976 1400 ‘paullum
991 1316 1043 1377 hic
1057 1316 1151 1378 ades!
1194 1322 1202 1352 ‘
1211 1318 1377 1394 Inteream,
1393 1318 1420 1378 si

440 1416 507 1475 Aut
521 1414 611 1476 valeo
627 1421 710 1475 stare
725 1420 781 1474 aut
795 1413 869 1473 novi
884 1413 994 1474 civilia
1008 1414 1093 1490 iura,

439 1514 482 1574 Et
496 1531 630 1591 propero
645 1530 708 1591 quo
722 1512 804 1573 scis'
841 1512 983 1572 ‘Dubius
999 1531 1066 1572 sum
1082 1512 1158 1590 quid
1173 1512 1302 1572 faciam’
1318 1512 1430 1589 inquit,
1470 1524 1501 1572 40
1550 1563 1553 1569 .

440 1613 542 1671 ‘Tene
557 1610 735 1689 relinquam
748 1628 788 1669 an
800 1610 885 1670 rem)
922 1615 930 1645 ‘
939 1612 1002 1686 Me,
1014 1610 1124 1670 sodes!
1162 1610 1210 1669 ‘N
1213 1629 1252 1669 on
1267 1610 1399 1669 faciam'
1415 1608 1479 1685 ille,

440 1708 482 1768 Et
496 1709 682 1786 praecedere
698 1707 802 1785 coepit
811 1730 818 1784 ;
842 1727 908 1784 ego,
924 1714 961 1768 ut
975 1707 1163 1768 contendere
1178 1708 1290 1767 durum
1307 1714 1355 1768 est

440 1804 517 1865 (lum
533 1804 661 1880 victore,
679 1824 801 1884 sequor.

844 1904 1030 1962 ‘Maecenas
1046 1902 1202 1981 quomodo
1216 1908 1319 1964 tecum
1330 1902 1365 1962 ?'

439 1998 525 2058 Hinc
540 1998 671 2076 repetit3
692 1999 883 2058 ‘Paucorum
901 1999 1060 2058 hominum
1077 2006 1109 2059 et
1123 2001 1239 2060 mentis
1253 2000 1332 2059 bene
1347 2016 1457 2075 sanae;

437 2095 540 2155 Nemo
555 2095 717 2156 dexterius
732 2096 862 2155 fortuna
875 2103 924 2155 est
937 2115 1020 2156 usus.
1063 2097 1205 2156 Haberes
1469 2109 1500 2154 45

438 2193 590 2268 Magnum
606 2192 791 2266 adiutorem,
808 2199 914 2269 posset
929 2193 983 2269 qui
999 2193 1082 2251 ferre
1097 2193 1259 2267 secundas,

439 2288 535 2348 Hunc
549 2288 708 2348 hominem
726 2288 823 2348 velles
839 2288 865 2349 si
881 2289 1020 2364 tradere3
1043 2289 1228 2367 dispeream,
1244 2290 1278 2349 ni

438 2384 635 2445 Summosses
652 2385 774 2446 omnis'
818 2386 906 2444 ‘Non
923 2385 985 2444 isto
999 2386 1135 2445 vivimus
1151 2385 1218 2445 illic

437 2481 505 2551 Quo
519 2489 554 2541 tu
568 2499 636 2540 rere
652 2482 759 2556 modo;
783 2482 894 2542 domus
910 2482 968 2540 hac
983 2500 1038 2541 nec
1053 2481 1161 2560 purior
1176 2481 1242 2542 ulla
1256 2488 1305 2543 est

437 2579 505 2638 Nec
520 2579 620 2653 magis
635 2577 686 2638 his
701 2577 807 2637 aliena
821 2577 928 2651 malis3
946 2578 992 2637 nil
1007 2578 1049 2637 mi
1065 2578 1181 2653 officit,'
1195 2580 1334 2656 inquam,
1468 2592 1499 2638 co

438 2675 559 2735 ‘Ditior
573 2674 625 2732 hic
640 2681 696 2733 aut
712 2682 760 2734 est
775 2676 850 2751 quia
865 2675 1001 2750 docti0r;
1024 2681 1072 2735 est
1087 2676 1173 2736 locus
1188 2678 1243 2735 uui

437 2770 558 2849 Cuique
574 2773 669 2830 suus'
714 2773 880 2847 ‘Magnum
897 2790 1015 2846 narras,
1032 2772 1086 2831 vix
1100 2772 1269 2832 credibile!
1313 2774 1429 2851 ‘Atqui

438 2868 489 2928 Sic
504 2868 618 2926 habet!
663 2868 849 2940 ‘Accendis,
866 2886 962 2945 quare
977 2869 1101 2945 cupiam
1116 2870 1218 2945 magis
1233 2869 1282 2929 illi

437 2965 614 3024 Proxumus
629 2965 718 3024 esse!
762 2963 867 3024 ‘Velis
882 2966 1099 3025 tantummodo
1108 2988 1116 3041 ;
1138 2985 1218 3044 quae
1232 2971 1288 3026 tua
1301 2967 1411 3043 virtue,

436 3061 658 3139 Expugnabis3
681 3068 714 3121 et
729 3067 777 3121 est
792 3061 846 3137 qui
862 3061 946 3120 vinci
963 3063 1071 3139 possit,
1087 3082 1185 3140 eoque
1466 3077 1497 3123 55

436 3157 583 3218 Difficilis
599 3158 704 3218 aditus
721 3159 838 3236 primos
853 3158 968 3219 habet’
1011 3164 1019 3194 ‘
1028 3159 1125 3219 Haud
1140 3160 1218 3219 mihi
1233 3161 1315 3220 dero.

436 3255 622 3315 Muneribus
638 3274 745 3316 servos
761 3273 976 3333 corrumpam
999 3275 1070 3330 non,
1085 3256 1179 3316 hodie
1193 3258 1221 3317 si

436 3351 592 3412 Exclusus
608 3352 707 3427 fuero,
725 3352 895 3428 desistam;
918 3359 1061 3432 tempora
1076 3372 1232 3431 quaeram,

436 3447 603 3508 Occurram
620 3448 652 3507 in
667 3449 783 3522 triviis,
800 3449 962 3509 deducam.
1005 3449 1063 3509 Nil
1079 3451 1147 3510 sine
1162 3468 1275 3527 magno

436 3545 510 3605 Vita
525 3544 629 3605 labore
647 3546 737 3606 dedit
752 3545 957 3605 mortalibus)

998 3642 1086 3703 Haec
1100 3643 1175 3703 dum
1191 3644 1266 3719 agit,
1280 3662 1351 3705 ecce
1464 3658 1495 3705 60

434 3740 554 3801 Fuscus
570 3739 710 3800 Aristius
727 3740 871 3814 occurrit,
887 3740 966 3799 mihi
981 3758 1079 3815 carus,
1095 3747 1127 3800 et
1142 3739 1233 3799 illum

432 3836 492 3906 Qui
510 3836 640 3913 pulchre
656 3843 771 3896 nosset.
818 3837 1036 3897 Consistimus
1082 3838 1192 3898 ‘Unde
1208 3838 1295 3898 venis
1306 3839 1340 3897 ‘2’
1355 3845 1387 3899 et

433 3933 516 4003 ‘Quo
530 3933 635 3992 tendis
645 3933 678 3992 ?'
697 3941 786 4011 rogat
800 3940 832 3994 et
849 3935 1025 4013 respondet.
1068 3934 1191 3995 Vellere
1206 3936 1295 4014 coepi

432 4031 475 4090 Et
489 4049 632 4108 pressare
650 4050 745 4091 manu
762 4031 938 4092 lentissima
957 4033 1109 4106 bracchia,
1124 4040 1251 4109 nutans,

432 4128 642 4205 Distorquens
659 4128 774 4202 oculos,
791 4136 825 4187 ut
840 4147 888 4188 me
905 4130 1046 4207 eriperet.
1090 4131 1175 4191 Male
1190 4132 1292 4193 salsus
1462 4147 1492 4192 65

432 4225 552 4284 Ridens
571 4224 789 4299 dissimulare3
812 4244 916 4285 meum
931 4227 1015 4286 iecur
1029 4246 1117 4287 urere
1133 4228 1216 4289 bilis.

431 4322 540 4384 ‘Certe
556 4321 663 4381 nescio
677 4321 755 4401 quid
770 4329 890 4383 secreto
905 4322 987 4383 velle
1000 4323 1088 4403 loqui
1103 4333 1135 4385 te
