<?xml version="1.0" encoding="UTF-8"?>
<!DOCTYPE html PUBLIC "-//W3C//DTD XHTML 1.0 Transitional//EN"
    "http://www.w3.org/TR/xhtml1/DTD/xhtml1-transitional.dtd">
<html xmlns="http://www.w3.org/1999/xhtml" xml:lang="en" lang="en">
 <head>
  <title>
</title>
<meta http-equiv="Content-Type" content="text/html;charset=utf-8" />
  <meta name='ocr-system' content='tesseract 3.04.00' />
  <meta name='ocr-capabilities' content='ocr_page ocr_carea ocr_par ocr_line ocrx_word'/>
</head>
<body>
  <div class='ocr_page' id='page_1' title='image "./qhoratiflaccise00rolfgoog_0108.png"; bbox 0 0 3592 5067; ppageno 0'>
   <div class='ocr_carea' id='block_1_1' title="bbox 375 893 1008 985">
    <p class='ocr_par' dir='ltr' id='par_1_1' title="bbox 375 893 1008 985">
     <span class='ocr_line' id='line_1_1' title="bbox 375 893 1008 985; baseline 0 -28"><span class='ocrx_word' id='word_1_1' title='bbox 375 893 421 985; x_wconf 71' lang='grc' dir='ltr'>50Ι</span> <span class='ocrx_word' id='word_1_2' title='bbox 800 905 1008 959; x_wconf 74' lang='lat' dir='ltr'>seruorum</span> 
     </span>
    </p>
   </div>
   <div class='ocr_carea' id='block_1_2' title="bbox 364 1076 1470 4257">
    <p class='ocr_par' dir='ltr' id='par_1_2' title="bbox 364 1076 1470 4257">
     <span class='ocr_line' id='line_1_2' title="bbox 374 1076 1281 1160; baseline 0.006 -23"><span class='ocrx_word' id='word_1_3' title='bbox 374 1076 507 1157; x_wconf 86' lang='lat' dir='ltr'>Templa</span> <span class='ocrx_word' id='word_1_4' title='bbox 521 1087 618 1141; x_wconf 91' lang='lat' dir='ltr'>ruunt</span> <span class='ocrx_word' id='word_1_5' title='bbox 632 1080 764 1160; x_wconf 87' lang='lat' dir='ltr'>antiqua</span> <span class='ocrx_word' id='word_1_6' title='bbox 777 1082 898 1142; x_wconf 87' lang='lat' dir='ltr'>deum?</span> <span class='ocrx_word' id='word_1_7' title='bbox 940 1081 1012 1158; x_wconf 85' lang='lat' dir='ltr'>Cur,</span> <span class='ocrx_word' id='word_1_8' title='bbox 1028 1081 1177 1160; x_wconf 86' lang='lat' dir='ltr'><strong>improbe,</strong></span> <span class='ocrx_word' id='word_1_9' title='bbox 1191 1099 1281 1142; x_wconf 85' lang='lat' dir='ltr'>carae</span> 
     </span>
     <span class='ocr_line' id='line_1_3' title="bbox 374 1177 1435 1257; baseline -0.001 -20"><span class='ocrx_word' id='word_1_10' title='bbox 374 1177 405 1237; x_wconf 87' lang='lat' dir='ltr'>N</span> <span class='ocrx_word' id='word_1_11' title='bbox 407 1196 447 1236; x_wconf 91' lang='lat' dir='ltr'>on</span> <span class='ocrx_word' id='word_1_12' title='bbox 462 1177 584 1256; x_wconf 89' lang='lat' dir='ltr'>aliquid</span> <span class='ocrx_word' id='word_1_13' title='bbox 599 1180 721 1257; x_wconf 81' lang='lat' dir='ltr'>patriae</span> <span class='ocrx_word' id='word_1_14' title='bbox 735 1188 824 1240; x_wconf 86' lang='lat' dir='ltr'>tanto</span> <span class='ocrx_word' id='word_1_15' title='bbox 839 1180 979 1241; x_wconf 87' lang='lat' dir='ltr'>emetiris</span> <span class='ocrx_word' id='word_1_16' title='bbox 994 1181 1130 1240; x_wconf 78' lang='lat' dir='ltr'>acervo?</span> <span class='ocrx_word' id='word_1_17' title='bbox 1393 1190 1435 1237; x_wconf 82' lang='lat' dir='ltr'>ros</span> 
     </span>
     <span class='ocr_line' id='line_1_4' title="bbox 369 1274 1137 1355; baseline -0.001 -17"><span class='ocrx_word' id='word_1_18' title='bbox 369 1301 373 1307; x_wconf 87' lang='lat'><strong>·</strong></span> <span class='ocrx_word' id='word_1_19' title='bbox 415 1274 481 1338; x_wconf 91' lang='lat' dir='ltr'>Uni</span> <span class='ocrx_word' id='word_1_20' title='bbox 498 1278 646 1337; x_wconf 91' lang='lat' dir='ltr'>nimirum</span> <span class='ocrx_word' id='word_1_21' title='bbox 662 1277 720 1337; x_wconf 90' lang='lat' dir='ltr'>tibi</span> <span class='ocrx_word' id='word_1_22' title='bbox 736 1286 818 1338; x_wconf 89' lang='lat' dir='ltr'>recte</span> <span class='ocrx_word' id='word_1_23' title='bbox 833 1295 956 1355; x_wconf 90' lang='lat' dir='ltr'>semper</span> <span class='ocrx_word' id='word_1_24' title='bbox 971 1283 1063 1337; x_wconf 91' lang='lat' dir='ltr'>erunt</span> <span class='ocrx_word' id='word_1_25' title='bbox 1078 1296 1137 1352; x_wconf 85' lang='lat' dir='ltr'>res,</span> 
     </span>
     <span class='ocr_line' id='line_1_5' title="bbox 375 1373 1127 1459; baseline 0.001 -26"><span class='ocrx_word' id='word_1_26' title='bbox 375 1373 401 1434; x_wconf 93' lang='lat' dir='ltr'>O</span> <span class='ocrx_word' id='word_1_27' title='bbox 416 1391 547 1451; x_wconf 81' lang='lat' dir='ltr'>magnus</span> <span class='ocrx_word' id='word_1_28' title='bbox 562 1375 694 1454; x_wconf 84' lang='lat' dir='ltr'>posthac</span> <span class='ocrx_word' id='word_1_29' title='bbox 709 1377 846 1459; x_wconf 88' lang='lat' dir='ltr'>inimicis</span> <span class='ocrx_word' id='word_1_30' title='bbox 861 1377 962 1435; x_wconf 83' lang='lat' dir='ltr'>risus!</span> <span class='ocrx_word' id='word_1_31' title='bbox 1007 1377 1127 1437; x_wconf 91' lang='lat' dir='ltr'>Uterne</span> 
     </span>
     <span class='ocr_line' id='line_1_6' title="bbox 375 1472 1158 1550; baseline 0.001 -20"><span class='ocrx_word' id='word_1_32' title='bbox 375 1472 425 1531; x_wconf 85' lang='lat' dir='ltr'>Ad</span> <span class='ocrx_word' id='word_1_33' title='bbox 441 1490 532 1534; x_wconf 89' lang='lat' dir='ltr'>casus</span> <span class='ocrx_word' id='word_1_34' title='bbox 546 1473 658 1533; x_wconf 90' lang='lat' dir='ltr'>dubios</span> <span class='ocrx_word' id='word_1_35' title='bbox 674 1472 752 1533; x_wconf 89' lang='lat' dir='ltr'>fidet</span> <span class='ocrx_word' id='word_1_36' title='bbox 767 1473 826 1532; x_wconf 88' lang='lat' dir='ltr'>sibi</span> <span class='ocrx_word' id='word_1_37' title='bbox 841 1473 984 1533; x_wconf 88' lang='lat' dir='ltr'>certius?</span> <span class='ocrx_word' id='word_1_38' title='bbox 1027 1473 1090 1533; x_wconf 90' lang='lat' dir='ltr'>Hic</span> <span class='ocrx_word' id='word_1_39' title='bbox 1104 1472 1158 1550; x_wconf 91' lang='lat' dir='ltr'>qui</span> 
     </span>
     <span class='ocr_line' id='line_1_7' title="bbox 375 1569 1213 1648; baseline 0.001 -20"><span class='ocrx_word' id='word_1_40' title='bbox 375 1569 522 1630; x_wconf 87' lang='lat' dir='ltr'>Pluribus</span> <span class='ocrx_word' id='word_1_41' title='bbox 537 1571 679 1631; x_wconf 83' lang='lat' dir='ltr'><strong>adsuerit</strong></span> <span class='ocrx_word' id='word_1_42' title='bbox 694 1579 829 1630; x_wconf 88' lang='lat' dir='ltr'>mentem</span> <span class='ocrx_word' id='word_1_43' title='bbox 845 1588 1019 1648; x_wconf 80' lang='lat' dir='ltr'><strong>corpusque</strong></span> <span class='ocrx_word' id='word_1_44' title='bbox 1034 1569 1213 1648; x_wconf 89' lang='lat' dir='ltr'>superbum,</span> 
     </span>
     <span class='ocr_line' id='line_1_8' title="bbox 374 1665 1125 1745; baseline -0.001 -19"><span class='ocrx_word' id='word_1_45' title='bbox 374 1667 425 1726; x_wconf 86' lang='lat' dir='ltr'>An</span> <span class='ocrx_word' id='word_1_46' title='bbox 440 1665 494 1743; x_wconf 91' lang='lat' dir='ltr'>qui</span> <span class='ocrx_word' id='word_1_47' title='bbox 509 1676 676 1728; x_wconf 88' lang='lat' dir='ltr'>contentus</span> <span class='ocrx_word' id='word_1_48' title='bbox 692 1687 790 1745; x_wconf 90' lang='lat' dir='ltr'>parvo</span> <span class='ocrx_word' id='word_1_49' title='bbox 804 1677 1010 1744; x_wconf 89' lang='lat' dir='ltr'>metuensque</span> <span class='ocrx_word' id='word_1_50' title='bbox 1025 1667 1125 1726; x_wconf 85' lang='lat' dir='ltr'>futuri</span> 
     </span>
     <span class='ocr_line' id='line_1_9' title="bbox 375 1763 1099 1843; baseline 0 -21"><span class='ocrx_word' id='word_1_51' title='bbox 375 1763 412 1822; x_wconf 93' lang='lat' dir='ltr'>In</span> <span class='ocrx_word' id='word_1_52' title='bbox 428 1782 512 1842; x_wconf 86' lang='lat' dir='ltr'>pace,</span> <span class='ocrx_word' id='word_1_53' title='bbox 528 1772 564 1823; x_wconf 95' lang='lat' dir='ltr'>ut</span> <span class='ocrx_word' id='word_1_54' title='bbox 578 1769 715 1843; x_wconf 84' lang='lat' dir='ltr'>sapiens,</span> <span class='ocrx_word' id='word_1_55' title='bbox 730 1767 849 1843; x_wconf 87' lang='lat' dir='ltr'>aptarit</span> <span class='ocrx_word' id='word_1_56' title='bbox 863 1765 976 1824; x_wconf 86' lang='lat' dir='ltr'>idonea</span> <span class='ocrx_word' id='word_1_57' title='bbox 990 1764 1099 1823; x_wconf 89' lang='lat' dir='ltr'>bello?</span> 
     </span>
     <span class='ocr_line' id='line_1_10' title="bbox 413 1859 1340 1939; baseline -0.001 -20"><span class='ocrx_word' id='word_1_58' title='bbox 413 1861 481 1930; x_wconf 84' lang='lat' dir='ltr'>Quo</span> <span class='ocrx_word' id='word_1_59' title='bbox 496 1862 596 1938; x_wconf 84' lang='lat' dir='ltr'>magis</span> <span class='ocrx_word' id='word_1_60' title='bbox 611 1862 663 1922; x_wconf 90' lang='lat' dir='ltr'>his</span> <span class='ocrx_word' id='word_1_61' title='bbox 677 1862 795 1936; x_wconf 86' lang='lat' dir='ltr'>credas,</span> <span class='ocrx_word' id='word_1_62' title='bbox 811 1880 888 1939; x_wconf 89' lang='lat' dir='ltr'>puer</span> <span class='ocrx_word' id='word_1_63' title='bbox 903 1861 985 1920; x_wconf 87' lang='lat' dir='ltr'>huuc</span> <span class='ocrx_word' id='word_1_64' title='bbox 1000 1880 1056 1937; x_wconf 83' lang='lat' dir='ltr'>ego</span> <span class='ocrx_word' id='word_1_65' title='bbox 1072 1879 1187 1938; x_wconf 86' lang='lat' dir='ltr'>parvus</span> <span class='ocrx_word' id='word_1_66' title='bbox 1201 1859 1340 1921; x_wconf 88' lang='lat' dir='ltr'>Ofellum</span> 
     </span>
     <span class='ocr_line' id='line_1_11' title="bbox 374 1957 1033 2040; baseline 0.002 -25"><span class='ocrx_word' id='word_1_67' title='bbox 374 1957 510 2033; x_wconf 81' lang='lat' dir='ltr'><strong>Integris</strong></span> <span class='ocrx_word' id='word_1_68' title='bbox 526 1958 638 2035; x_wconf 91' lang='lat' dir='ltr'>opibus</span> <span class='ocrx_word' id='word_1_69' title='bbox 654 1960 727 2017; x_wconf 89' lang='lat' dir='ltr'>novi</span> <span class='ocrx_word' id='word_1_70' title='bbox 743 1977 804 2017; x_wconf 93' lang='lat' dir='ltr'>non</span> <span class='ocrx_word' id='word_1_71' title='bbox 822 1959 917 2040; x_wconf 78' lang='lat' dir='ltr'>latius</span> <span class='ocrx_word' id='word_1_72' title='bbox 932 1976 1033 2032; x_wconf 87' lang='lat' dir='ltr'>usum,</span> 
     </span>
     <span class='ocr_line' id='line_1_12' title="bbox 372 2052 1161 2131; baseline 0.003 -20"><span class='ocrx_word' id='word_1_73' title='bbox 372 2052 469 2123; x_wconf 87' lang='lat' dir='ltr'>Quam</span> <span class='ocrx_word' id='word_1_74' title='bbox 486 2072 567 2113; x_wconf 91' lang='lat' dir='ltr'>nunc</span> <span class='ocrx_word' id='word_1_75' title='bbox 583 2055 703 2114; x_wconf 87' lang='lat' dir='ltr'>accisis.</span> <span class='ocrx_word' id='word_1_76' title='bbox 749 2056 864 2114; x_wconf 86' lang='lat' dir='ltr'>Videas</span> <span class='ocrx_word' id='word_1_77' title='bbox 879 2061 997 2113; x_wconf 85' lang='lat' dir='ltr'>metato</span> <span class='ocrx_word' id='word_1_78' title='bbox 1012 2055 1043 2112; x_wconf 95' lang='lat' dir='ltr'>in</span> <span class='ocrx_word' id='word_1_79' title='bbox 1058 2054 1161 2131; x_wconf 86' lang='lat' dir='ltr'>agello</span> 
     </span>
     <span class='ocr_line' id='line_1_13' title="bbox 372 2150 1431 2227; baseline -0.001 -17"><span class='ocrx_word' id='word_1_80' title='bbox 372 2150 449 2210; x_wconf 86' lang='lat' dir='ltr'>Cum</span> <span class='ocrx_word' id='word_1_81' title='bbox 466 2167 574 2227; x_wconf 88' lang='lat' dir='ltr'>pecore</span> <span class='ocrx_word' id='word_1_82' title='bbox 588 2159 620 2209; x_wconf 90' lang='lat' dir='ltr'>et</span> <span class='ocrx_word' id='word_1_83' title='bbox 636 2151 740 2226; x_wconf 87' lang='lat' dir='ltr'>gnatis</span> <span class='ocrx_word' id='word_1_84' title='bbox 756 2151 869 2210; x_wconf 84' lang='lat' dir='ltr'>fortem</span> <span class='ocrx_word' id='word_1_85' title='bbox 885 2150 1026 2209; x_wconf 81' lang='lat' dir='ltr'>mercede</span> <span class='ocrx_word' id='word_1_86' title='bbox 1040 2150 1193 2224; x_wconf 89' lang='lat' dir='ltr'>colonum,</span> <span class='ocrx_word' id='word_1_87' title='bbox 1389 2164 1431 2209; x_wconf 83' lang='lat' dir='ltr'>nt</span> 
     </span>
     <span class='ocr_line' id='line_1_14' title="bbox 372 2246 1204 2324; baseline 0 -18"><span class='ocrx_word' id='word_1_88' title='bbox 372 2246 463 2306; x_wconf 82' lang='lat' dir='ltr'>‘Nou</span> <span class='ocrx_word' id='word_1_89' title='bbox 478 2248 549 2321; x_wconf 88' lang='lat' dir='ltr'>ego&#39;</span> <span class='ocrx_word' id='word_1_90' title='bbox 565 2255 745 2307; x_wconf 89' lang='lat' dir='ltr'>narrantem</span> <span class='ocrx_word' id='word_1_91' title='bbox 762 2253 898 2306; x_wconf 89' lang='lat' dir='ltr'>‘temere</span> <span class='ocrx_word' id='word_1_92' title='bbox 912 2247 964 2305; x_wconf 90' lang='lat' dir='ltr'>edi</span> <span class='ocrx_word' id='word_1_93' title='bbox 980 2246 1048 2306; x_wconf 90' lang='lat' dir='ltr'>luce</span> <span class='ocrx_word' id='word_1_94' title='bbox 1064 2247 1204 2324; x_wconf 85' lang='lat' dir='ltr'>profesta</span> 
     </span>
     <span class='ocr_line' id='line_1_15' title="bbox 371 2341 1264 2420; baseline 0 -18"><span class='ocrx_word' id='word_1_95' title='bbox 371 2343 543 2419; x_wconf 82' lang='lat' dir='ltr'><strong>Quicquam</strong></span> <span class='ocrx_word' id='word_1_96' title='bbox 560 2351 685 2420; x_wconf 92' lang='lat' dir='ltr'>praeter</span> <span class='ocrx_word' id='word_1_97' title='bbox 699 2341 790 2402; x_wconf 90' lang='lat' dir='ltr'>holus</span> <span class='ocrx_word' id='word_1_98' title='bbox 805 2344 947 2403; x_wconf 85' lang='lat' dir='ltr'>fumosae</span> <span class='ocrx_word' id='word_1_99' title='bbox 962 2361 1031 2401; x_wconf 93' lang='lat' dir='ltr'>cum</span> <span class='ocrx_word' id='word_1_100' title='bbox 1049 2344 1127 2420; x_wconf 91' lang='lat' dir='ltr'>pede</span> <span class='ocrx_word' id='word_1_101' title='bbox 1143 2360 1264 2418; x_wconf 83' lang='lat' dir='ltr'>pernae.</span> 
     </span>
     <span class='ocr_line' id='line_1_16' title="bbox 371 2438 1223 2517; baseline 0.001 -20"><span class='ocrx_word' id='word_1_102' title='bbox 371 2440 417 2498; x_wconf 82' lang='lat' dir='ltr'>Ac</span> <span class='ocrx_word' id='word_1_103' title='bbox 432 2438 511 2498; x_wconf 91' lang='lat' dir='ltr'>mihi</span> <span class='ocrx_word' id='word_1_104' title='bbox 525 2458 580 2499; x_wconf 91' lang='lat' dir='ltr'>seu</span> <span class='ocrx_word' id='word_1_105' title='bbox 596 2439 724 2516; x_wconf 86' lang='lat' dir='ltr'>longum</span> <span class='ocrx_word' id='word_1_106' title='bbox 742 2448 812 2517; x_wconf 88' lang='lat' dir='ltr'>post</span> <span class='ocrx_word' id='word_1_107' title='bbox 826 2448 951 2516; x_wconf 88' lang='lat' dir='ltr'>tempus</span> <span class='ocrx_word' id='word_1_108' title='bbox 967 2446 1095 2498; x_wconf 89' lang='lat' dir='ltr'>venerat</span> <span class='ocrx_word' id='word_1_109' title='bbox 1109 2440 1223 2516; x_wconf 88' lang='lat' dir='ltr'>hospes</span> 
     </span>
     <span class='ocr_line' id='line_1_17' title="bbox 371 2535 1188 2614; baseline -0.004 -19"><span class='ocrx_word' id='word_1_110' title='bbox 371 2535 444 2595; x_wconf 84' lang='lat' dir='ltr'>Sive</span> <span class='ocrx_word' id='word_1_111' title='bbox 458 2552 586 2612; x_wconf 91' lang='lat' dir='ltr'>operum</span> <span class='ocrx_word' id='word_1_112' title='bbox 604 2554 701 2596; x_wconf 88' lang='lat' dir='ltr'>vacuo</span> <span class='ocrx_word' id='word_1_113' title='bbox 715 2545 824 2611; x_wconf 86' lang='lat' dir='ltr'>gratus</span> <span class='ocrx_word' id='word_1_114' title='bbox 839 2536 974 2595; x_wconf 89' lang='lat' dir='ltr'>conviva</span> <span class='ocrx_word' id='word_1_115' title='bbox 988 2554 1043 2614; x_wconf 93' lang='lat' dir='ltr'>per</span> <span class='ocrx_word' id='word_1_116' title='bbox 1057 2536 1188 2595; x_wconf 88' lang='lat' dir='ltr'>imbrem</span> 
     </span>
     <span class='ocr_line' id='line_1_18' title="bbox 370 2631 1430 2710; baseline -0.001 -19"><span class='ocrx_word' id='word_1_117' title='bbox 370 2632 511 2705; x_wconf 81' lang='lat' dir='ltr'>Vicinus,</span> <span class='ocrx_word' id='word_1_118' title='bbox 527 2631 604 2691; x_wconf 91' lang='lat' dir='ltr'>bene</span> <span class='ocrx_word' id='word_1_119' title='bbox 620 2640 688 2692; x_wconf 86' lang='lat' dir='ltr'>erat</span> <span class='ocrx_word' id='word_1_120' title='bbox 702 2651 765 2690; x_wconf 89' lang='lat' dir='ltr'>non</span> <span class='ocrx_word' id='word_1_121' title='bbox 781 2633 919 2710; x_wconf 82' lang='lat' dir='ltr'>piscibus</span> <span class='ocrx_word' id='word_1_122' title='bbox 935 2633 1010 2691; x_wconf 86' lang='lat' dir='ltr'>urbe</span> <span class='ocrx_word' id='word_1_123' title='bbox 1025 2633 1143 2709; x_wconf 88' lang='lat' dir='ltr'>petitis,</span> <span class='ocrx_word' id='word_1_124' title='bbox 1387 2645 1430 2690; x_wconf 81' lang='grc'>100</span> 
     </span>
     <span class='ocr_line' id='line_1_19' title="bbox 370 2728 1264 2806; baseline 0.003 -19"><span class='ocrx_word' id='word_1_125' title='bbox 370 2728 431 2788; x_wconf 88' lang='lat' dir='ltr'>Sed</span> <span class='ocrx_word' id='word_1_126' title='bbox 447 2728 534 2805; x_wconf 93' lang='lat' dir='ltr'>pullo</span> <span class='ocrx_word' id='word_1_127' title='bbox 548 2736 643 2805; x_wconf 88' lang='lat' dir='ltr'>atque</span> <span class='ocrx_word' id='word_1_128' title='bbox 658 2728 777 2804; x_wconf 83' lang='lat' dir='ltr'>haed03</span> <span class='ocrx_word' id='word_1_129' title='bbox 800 2737 874 2788; x_wconf 92' lang='lat' dir='ltr'>tuuc</span> <span class='ocrx_word' id='word_1_130' title='bbox 891 2728 1022 2806; x_wconf 90' lang='lat' dir='ltr'>pensilis</span> <span class='ocrx_word' id='word_1_131' title='bbox 1036 2748 1099 2789; x_wconf 84' lang='lat' dir='ltr'>uva</span> <span class='ocrx_word' id='word_1_132' title='bbox 1112 2729 1264 2790; x_wconf 82' lang='lat' dir='ltr'>secundas</span> 
     </span>
     <span class='ocr_line' id='line_1_20' title="bbox 369 2826 1087 2903; baseline 0.004 -21"><span class='ocrx_word' id='word_1_133' title='bbox 369 2826 412 2883; x_wconf 88' lang='lat' dir='ltr'>Et</span> <span class='ocrx_word' id='word_1_134' title='bbox 425 2844 490 2883; x_wconf 83' lang='lat' dir='ltr'>nux</span> <span class='ocrx_word' id='word_1_135' title='bbox 505 2826 637 2884; x_wconf 87' lang='lat' dir='ltr'>ornabat</span> <span class='ocrx_word' id='word_1_136' title='bbox 652 2843 775 2885; x_wconf 89' lang='lat' dir='ltr'>mensas</span> <span class='ocrx_word' id='word_1_137' title='bbox 790 2844 859 2884; x_wconf 90' lang='lat' dir='ltr'>curn</span> <span class='ocrx_word' id='word_1_138' title='bbox 876 2826 1003 2903; x_wconf 85' lang='lat' dir='ltr'>duplice</span> <span class='ocrx_word' id='word_1_139' title='bbox 1018 2826 1087 2885; x_wconf 87' lang='lat' dir='ltr'>ficu.</span> 
     </span>
     <span class='ocr_line' id='line_1_21' title="bbox 369 2921 1123 2999; baseline 0 -19"><span class='ocrx_word' id='word_1_140' title='bbox 369 2922 446 2981; x_wconf 87' lang='lat' dir='ltr'>Post</span> <span class='ocrx_word' id='word_1_141' title='bbox 460 2921 519 2980; x_wconf 88' lang='lat' dir='ltr'>hcc</span> <span class='ocrx_word' id='word_1_142' title='bbox 535 2921 628 2982; x_wconf 91' lang='lat' dir='ltr'>ludus</span> <span class='ocrx_word' id='word_1_143' title='bbox 643 2929 711 2981; x_wconf 86' lang='lat' dir='ltr'>erat</span> <span class='ocrx_word' id='word_1_144' title='bbox 726 2923 819 2999; x_wconf 89' lang='lat' dir='ltr'>culpa</span> <span class='ocrx_word' id='word_1_145' title='bbox 834 2930 942 2999; x_wconf 86' lang='lat' dir='ltr'>potare</span> <span class='ocrx_word' id='word_1_146' title='bbox 957 2923 1123 2997; x_wconf 81' lang='lat' dir='ltr'>magistra3</span> 
     </span>
     <span class='ocr_line' id='line_1_22' title="bbox 368 3018 1120 3094; baseline 0 -17"><span class='ocrx_word' id='word_1_147' title='bbox 368 3020 415 3078; x_wconf 88' lang='lat' dir='ltr'>Ae</span> <span class='ocrx_word' id='word_1_148' title='bbox 431 3027 578 3078; x_wconf 85' lang='lat' dir='ltr'>venerata</span> <span class='ocrx_word' id='word_1_149' title='bbox 593 3019 696 3091; x_wconf 88' lang='lat' dir='ltr'>Ceres,</span> <span class='ocrx_word' id='word_1_150' title='bbox 712 3019 757 3077; x_wconf 85' lang='lat' dir='ltr'>ita</span> <span class='ocrx_word' id='word_1_151' title='bbox 772 3018 875 3077; x_wconf 90' lang='lat' dir='ltr'>culmo</span> <span class='ocrx_word' id='word_1_152' title='bbox 890 3026 1032 3094; x_wconf 81' lang='lat' dir='ltr'>surgeret</span> <span class='ocrx_word' id='word_1_153' title='bbox 1046 3019 1120 3094; x_wconf 84' lang='lat' dir='ltr'>alto,</span> 
     </span>
     <span class='ocr_line' id='line_1_23' title="bbox 367 3115 1428 3193; baseline 0.001 -20"><span class='ocrx_word' id='word_1_154' title='bbox 367 3115 531 3193; x_wconf 81' lang='lat' dir='ltr'>Explicuit</span> <span class='ocrx_word' id='word_1_155' title='bbox 545 3116 621 3174; x_wconf 86' lang='lat' dir='ltr'>vino</span> <span class='ocrx_word' id='word_1_156' title='bbox 635 3123 813 3174; x_wconf 82' lang='lat' dir='ltr'>contractae</span> <span class='ocrx_word' id='word_1_157' title='bbox 828 3117 910 3174; x_wconf 89' lang='lat' dir='ltr'>seria</span> <span class='ocrx_word' id='word_1_158' title='bbox 925 3115 1048 3175; x_wconf 84' lang='lat' dir='ltr'>frontis.</span> <span class='ocrx_word' id='word_1_159' title='bbox 1386 3128 1428 3174; x_wconf 71' lang='grc'>110</span> 
     </span>
     <span class='ocr_line' id='line_1_24' title="bbox 368 3211 1186 3288; baseline -0.001 -17"><span class='ocrx_word' id='word_1_160' title='bbox 368 3211 496 3271; x_wconf 80' lang='lat' dir='ltr'>Saeviet</span> <span class='ocrx_word' id='word_1_161' title='bbox 510 3218 605 3288; x_wconf 86' lang='lat' dir='ltr'>atque</span> <span class='ocrx_word' id='word_1_162' title='bbox 620 3230 717 3271; x_wconf 89' lang='lat' dir='ltr'>novos</span> <span class='ocrx_word' id='word_1_163' title='bbox 732 3219 857 3271; x_wconf 87' lang='lat' dir='ltr'>moveat</span> <span class='ocrx_word' id='word_1_164' title='bbox 872 3212 1001 3270; x_wconf 85' lang='lat' dir='ltr'>fortuna</span> <span class='ocrx_word' id='word_1_165' title='bbox 1014 3212 1186 3271; x_wconf 91' lang='lat' dir='ltr'>tumultus:</span> 
     </span>
     <span class='ocr_line' id='line_1_25' title="bbox 367 3308 1412 3385; baseline 0.003 -19"><span class='ocrx_word' id='word_1_166' title='bbox 367 3308 524 3378; x_wconf 87' lang='lat' dir='ltr'>Quantum</span> <span class='ocrx_word' id='word_1_167' title='bbox 540 3308 614 3368; x_wconf 88' lang='lat' dir='ltr'>hine</span> <span class='ocrx_word' id='word_1_168' title='bbox 629 3308 816 3367; x_wconf 87' lang='lat' dir='ltr'>imminuit?</span> <span class='ocrx_word' id='word_1_169' title='bbox 860 3308 984 3378; x_wconf 87' lang='lat' dir='ltr'>Quanto</span> <span class='ocrx_word' id='word_1_170' title='bbox 998 3315 1053 3368; x_wconf 87' lang='lat' dir='ltr'>aut</span> <span class='ocrx_word' id='word_1_171' title='bbox 1068 3326 1124 3385; x_wconf 86' lang='lat' dir='ltr'>ego</span> <span class='ocrx_word' id='word_1_172' title='bbox 1139 3308 1263 3385; x_wconf 82' lang='lat' dir='ltr'>parcius</span> <span class='ocrx_word' id='word_1_173' title='bbox 1278 3316 1333 3368; x_wconf 89' lang='lat' dir='ltr'>aut</span> <span class='ocrx_word' id='word_1_174' title='bbox 1349 3328 1412 3383; x_wconf 88' lang='lat' dir='ltr'>vos,</span> 
     </span>
     <span class='ocr_line' id='line_1_26' title="bbox 367 3404 1167 3482; baseline 0.001 -18"><span class='ocrx_word' id='word_1_175' title='bbox 367 3404 393 3464; x_wconf 95' lang='lat' dir='ltr'>O</span> <span class='ocrx_word' id='word_1_176' title='bbox 408 3405 506 3482; x_wconf 87' lang='lat' dir='ltr'>pueri,</span> <span class='ocrx_word' id='word_1_177' title='bbox 522 3406 675 3478; x_wconf 89' lang='lat' dir='ltr'>nituistis‚</span> <span class='ocrx_word' id='word_1_178' title='bbox 691 3411 727 3463; x_wconf 91' lang='lat' dir='ltr'>ut</span> <span class='ocrx_word' id='word_1_179' title='bbox 742 3404 804 3463; x_wconf 92' lang='lat' dir='ltr'>huc</span> <span class='ocrx_word' id='word_1_180' title='bbox 819 3422 919 3463; x_wconf 90' lang='lat' dir='ltr'>novus</span> <span class='ocrx_word' id='word_1_181' title='bbox 934 3404 1037 3463; x_wconf 89' lang='lat' dir='ltr'>iucola</span> <span class='ocrx_word' id='word_1_182' title='bbox 1052 3404 1167 3465; x_wconf 86' lang='lat' dir='ltr'>venit?</span> 
     </span>
     <span class='ocr_line' id='line_1_27' title="bbox 366 3500 1155 3578; baseline -0.001 -18"><span class='ocrx_word' id='word_1_183' title='bbox 366 3502 447 3562; x_wconf 83' lang='lat' dir='ltr'>Nam</span> <span class='ocrx_word' id='word_1_184' title='bbox 465 3502 609 3578; x_wconf 83' lang='lat' dir='ltr'>propriae</span> <span class='ocrx_word' id='word_1_185' title='bbox 625 3500 749 3561; x_wconf 88' lang='lat' dir='ltr'>telluris</span> <span class='ocrx_word' id='word_1_186' title='bbox 764 3520 850 3560; x_wconf 91' lang='lat' dir='ltr'>erum</span> <span class='ocrx_word' id='word_1_187' title='bbox 866 3506 980 3560; x_wconf 82' lang='lat' dir='ltr'>natura</span> <span class='ocrx_word' id='word_1_188' title='bbox 994 3519 1050 3560; x_wconf 92' lang='lat' dir='ltr'>nec</span> <span class='ocrx_word' id='word_1_189' title='bbox 1064 3501 1155 3560; x_wconf 92' lang='lat' dir='ltr'>illum</span> 
     </span>
     <span class='ocr_line' id='line_1_28' title="bbox 366 3598 1470 3676; baseline 0 -19"><span class='ocrx_word' id='word_1_190' title='bbox 366 3599 433 3658; x_wconf 89' lang='lat' dir='ltr'>Nec</span> <span class='ocrx_word' id='word_1_191' title='bbox 448 3616 496 3657; x_wconf 91' lang='lat' dir='ltr'>me</span> <span class='ocrx_word' id='word_1_192' title='bbox 513 3616 568 3658; x_wconf 87' lang='lat' dir='ltr'>nee</span> <span class='ocrx_word' id='word_1_193' title='bbox 584 3616 772 3676; x_wconf 86' lang='lat' dir='ltr'>quemquam</span> <span class='ocrx_word' id='word_1_194' title='bbox 790 3599 920 3672; x_wconf 87' lang='lat' dir='ltr'>statuit;</span> <span class='ocrx_word' id='word_1_195' title='bbox 943 3617 999 3658; x_wconf 88' lang='lat' dir='ltr'>uos</span> <span class='ocrx_word' id='word_1_196' title='bbox 1015 3598 1139 3676; x_wconf 82' lang='lat' dir='ltr'>expulit</span> <span class='ocrx_word' id='word_1_197' title='bbox 1153 3598 1224 3674; x_wconf 87' lang='lat' dir='ltr'>ille;</span> <span class='ocrx_word' id='word_1_198' title='bbox 1384 3611 1427 3657; x_wconf 83' lang='lat'>130</span> <span class='ocrx_word' id='word_1_199' title='bbox 1468 3609 1470 3612; x_wconf 83' lang='grc'><strong>“</strong></span> 
     </span>
     <span class='ocr_line' id='line_1_29' title="bbox 367 3694 1117 3772; baseline 0.003 -19"><span class='ocrx_word' id='word_1_200' title='bbox 367 3694 462 3754; x_wconf 91' lang='lat' dir='ltr'>Illum</span> <span class='ocrx_word' id='word_1_201' title='bbox 478 3701 532 3754; x_wconf 86' lang='lat' dir='ltr'>aut</span> <span class='ocrx_word' id='word_1_202' title='bbox 547 3696 705 3772; x_wconf 91' lang='lat' dir='ltr'>nequities</span> <span class='ocrx_word' id='word_1_203' title='bbox 721 3702 776 3755; x_wconf 87' lang='lat' dir='ltr'>aut</span> <span class='ocrx_word' id='word_1_204' title='bbox 791 3696 873 3754; x_wconf 80' lang='lat' dir='ltr'>vafri</span> <span class='ocrx_word' id='word_1_205' title='bbox 889 3694 1016 3754; x_wconf 81' lang='lat' dir='ltr'>inscitia</span> <span class='ocrx_word' id='word_1_206' title='bbox 1029 3695 1117 3770; x_wconf 82' lang='lat' dir='ltr'>iuris,</span> 
     </span>
     <span class='ocr_line' id='line_1_30' title="bbox 366 3791 1082 3871; baseline 0.001 -21"><span class='ocrx_word' id='word_1_207' title='bbox 366 3792 564 3851; x_wconf 88' lang='lat' dir='ltr'>Postremum</span> <span class='ocrx_word' id='word_1_208' title='bbox 579 3792 718 3871; x_wconf 83' lang='lat' dir='ltr'>expellet</span> <span class='ocrx_word' id='word_1_209' title='bbox 733 3799 816 3851; x_wconf 88' lang='lat' dir='ltr'>certe</span> <span class='ocrx_word' id='word_1_210' title='bbox 832 3792 970 3851; x_wconf 85' lang='lat' dir='ltr'>vivacior</span> <span class='ocrx_word' id='word_1_211' title='bbox 984 3791 1082 3852; x_wconf 89' lang='lat' dir='ltr'>heres.</span> 
     </span>
     <span class='ocr_line' id='line_1_31' title="bbox 365 3888 1169 3967; baseline 0 -20"><span class='ocrx_word' id='word_1_212' title='bbox 365 3888 458 3947; x_wconf 87' lang='lat' dir='ltr'>Nunc</span> <span class='ocrx_word' id='word_1_213' title='bbox 474 3906 547 3963; x_wconf 84' lang='lat' dir='ltr'>ager</span> <span class='ocrx_word' id='word_1_214' title='bbox 563 3889 717 3950; x_wconf 91' lang='lat' dir='ltr'>Umbreni</span> <span class='ocrx_word' id='word_1_215' title='bbox 733 3889 791 3949; x_wconf 89' lang='lat' dir='ltr'>sub</span> <span class='ocrx_word' id='word_1_216' title='bbox 806 3890 940 3963; x_wconf 89' lang='lat' dir='ltr'>nomine,</span> <span class='ocrx_word' id='word_1_217' title='bbox 956 3908 1056 3967; x_wconf 92' lang='lat' dir='ltr'>nuper</span> <span class='ocrx_word' id='word_1_218' title='bbox 1070 3889 1169 3950; x_wconf 81' lang='lat' dir='ltr'>Ofelli</span> 
     </span>
     <span class='ocr_line' id='line_1_32' title="bbox 365 3984 1160 4064; baseline 0.004 -22"><span class='ocrx_word' id='word_1_219' title='bbox 365 3984 487 4059; x_wconf 87' lang='lat' dir='ltr'>Dictus,</span> <span class='ocrx_word' id='word_1_220' title='bbox 503 3986 564 4044; x_wconf 91' lang='lat' dir='ltr'>erit</span> <span class='ocrx_word' id='word_1_221' title='bbox 579 3986 659 4045; x_wconf 90' lang='lat' dir='ltr'>nulli</span> <span class='ocrx_word' id='word_1_222' title='bbox 676 3987 830 4064; x_wconf 69' lang='lat' dir='ltr'>proprius</span> <span class='ocrx_word' id='word_1_223' title='bbox 846 3986 901 4046; x_wconf 90' lang='lat' dir='ltr'>sed</span> <span class='ocrx_word' id='word_1_224' title='bbox 916 3986 1007 4045; x_wconf 90' lang='lat' dir='ltr'>cedet</span> <span class='ocrx_word' id='word_1_225' title='bbox 1021 3987 1054 4045; x_wconf 91' lang='lat' dir='ltr'>in</span> <span class='ocrx_word' id='word_1_226' title='bbox 1070 4005 1160 4047; x_wconf 91' lang='lat' dir='ltr'>usum</span> 
     </span>
     <span class='ocr_line' id='line_1_33' title="bbox 364 4082 1425 4156; baseline 0.001 -16"><span class='ocrx_word' id='word_1_227' title='bbox 364 4082 459 4141; x_wconf 89' lang='lat' dir='ltr'>Nunc</span> <span class='ocrx_word' id='word_1_228' title='bbox 474 4082 563 4156; x_wconf 84' lang='lat' dir='ltr'>mihi,</span> <span class='ocrx_word' id='word_1_229' title='bbox 579 4082 740 4142; x_wconf 74' lang='lat' dir='ltr'>nuncalii</span> <span class='ocrx_word' id='word_1_230' title='bbox 783 4083 936 4153; x_wconf 84' lang='lat' dir='ltr'>Quocirca</span> <span class='ocrx_word' id='word_1_231' title='bbox 949 4083 1047 4142; x_wconf 86' lang='lat' dir='ltr'>vivite</span> <span class='ocrx_word' id='word_1_232' title='bbox 1062 4083 1161 4144; x_wconf 83' lang='lat' dir='ltr'>fortes</span> <span class='ocrx_word' id='word_1_233' title='bbox 1383 4096 1425 4141; x_wconf 80' lang='lat'>135</span> 
     </span>
     <span class='ocr_line' id='line_1_34' title="bbox 365 4178 1123 4257; baseline 0.004 -20"><span class='ocrx_word' id='word_1_234' title='bbox 365 4178 535 4256; x_wconf 81' lang='lat' dir='ltr'>Fortisque</span> <span class='ocrx_word' id='word_1_235' title='bbox 550 4179 691 4239; x_wconf 85' lang='lat' dir='ltr'>adversis</span> <span class='ocrx_word' id='word_1_236' title='bbox 707 4184 855 4256; x_wconf 89' lang='lat' dir='ltr'>opponite</span> <span class='ocrx_word' id='word_1_237' title='bbox 871 4187 998 4257; x_wconf 82' lang='lat' dir='ltr'>pectora</span> <span class='ocrx_word' id='word_1_238' title='bbox 1012 4179 1123 4240; x_wconf 68' lang='lat' dir='ltr'>rebus!</span> 
     </span>
    </p>
   </div>
   <div class='ocr_carea' id='block_1_3' title="bbox 0 0 1800 5067">
    <p class='ocr_par' dir='ltr' id='par_1_3' title="bbox 0 0 1800 5067">
     <span class='ocr_line' id='line_1_35' title="bbox 0 0 1800 5067; baseline 0 5"><span class='ocrx_word' id='word_1_239' title='bbox 0 0 1800 5067; x_wconf 95' lang='lat' dir='ltr'> </span> 
     </span>
    </p>
   </div>
  </div>
 </body>
</html>
