3592 5067
537 184 1101 409 -
1120 190 1124 400 Ι
1161 408 1183 415 v·
1268 405 1463 413 ..rw-..-

446 857 511 922 106
845 868 1109 922 mensunusum
1426 864 1505 933 [xn.

496 1040 537 1091 ’3.
564 1041 606 1092 Ηε
624 1041 678 1092 will
698 1042 735 1094 do
753 1043 813 1094 weil
836 1049 865 1094 to
885 1043 1012 1095 cultivate
1034 1042 1080 1093 the
1100 1041 1295 1106 acquaintance
1315 1039 1345 1092 oi
1368 1038 1506 1102 Grosphus

646 1119 692 1182 (cs.
709 1119 784 1181 odes,
799 1122 824 1172 ii.
839 1122 894 1185 16),
908 1123 1007 1181 abac,

511 1190 536 1240 4.
563 1191 668 1243 Horace
680 1194 755 1258 givos
767 1193 809 1244 his
820 1194 910 1245 friend
922 1195 969 1246 tha
980 1195 1060 1247 latest
1072 1208 1146 1247 nevvs
1158 1195 1229 1246 irum
1241 1194 1336 1257 Rome,
1349 1192 1439 1244 25-29.

488 1308 516 1359 3.
542 1307 638 1360 Time:
658 1310 691 1360 20
704 1324 756 1361 mc.

486 1532 654 1593 Fructibus
669 1532 831 1612 Agrippae
846 1533 971 1609 Siculis,
986 1554 1065 1614 quos
1079 1535 1213 1612 colligis,
1228 1534 1302 1609 Ioci,

446 1629 479 1689 Si
495 1635 579 1688 recte
594 1630 719 1704 frueris,
735 1649 797 1690 non
813 1638 861 1691 est
875 1638 911 1692 ut
925 1632 1016 1710 copia
1029 1633 1128 1692 maior

446 1727 497 1786 Ab
510 1725 587 1785 Iove
602 1726 712 1786 donari
727 1728 829 1805 possit
843 1729 911 1789 tibi.
955 1730 1045 1789 Tolle
1060 1727 1231 1807 querellas;

444 1823 569 1899 Pauper
584 1824 667 1882 enim
683 1843 746 1884 non
761 1831 819 1899 est,
834 1826 884 1885 cui
900 1845 1002 1886 rerum
1017 1827 1159 1905 suppetit
1172 1844 1257 1887 usus.

445 1919 478 1979 Si
494 1919 597 1978 ventri
611 1919 699 1994 bene,
715 1921 743 1981 si
758 1921 850 1981 lateri
865 1929 914 1982 est
929 1923 1123 2001 pedibusque
1136 1923 1211 1997 tuis,
1225 1921 1273 1981 nil
1487 1931 1503 1977 h

357 2051 360 2058 ·
444 2016 585 2075 Divitiae
599 2023 748 2093 poterunt
764 2018 886 2093 regales
901 2020 1015 2080 addere
1032 2020 1139 2080 maius.

444 2111 478 2171 Si
493 2112 575 2171 forte
590 2111 624 2171 in
639 2112 743 2173 medio
758 2116 933 2191 positorum
948 2116 1119 2176 abstemius
1135 2115 1241 2175 herbis

443 2208 535 2269 Vivis
550 2215 582 2268 et
597 2209 707 2283 urtica,
723 2211 768 2270 sic
784 2212 872 2270 vives
887 2212 1041 2289 protinus,
1055 2219 1091 2272 ut
1105 2218 1137 2271 te

443 2305 619 2367 Confestim
636 2304 776 2383 liquidus
792 2307 950 2367 Fortunae
965 2307 1052 2368 rivus
1067 2308 1200 2383 inauret,

410 2402 411 2405 ’
443 2401 502 2461 Vel
517 2403 593 2479 quia
606 2409 752 2462 naturam
768 2409 888 2463 mutare
904 2404 1038 2482 pecunia
1052 2404 1161 2478 nescit,

443 2487 501 2557 Vel
517 2498 593 2576 quia
606 2506 719 2558 cuncta
734 2506 826 2577 putas
841 2518 904 2559 una
918 2500 1036 2560 virtute
1050 2501 1179 2560 minora

483 2594 646 2668 Miramur,
662 2595 689 2655 si
705 2596 878 2655 Democriti
893 2614 988 2673 pecus
1002 2597 1068 2657 edit
1081 2596 1200 2673 agellos

443 2690 606 2768 Cultaque,
623 2690 697 2750 dum
714 2710 841 2769 peregre
857 2698 906 2753 est
920 2693 1043 2754 animus
1058 2693 1125 2754 sine
1140 2711 1268 2772 corpore
1282 2693 1390 2768 velor;

442 2788 521 2847 Cum
537 2794 573 2846 tu
587 2787 670 2846 inter
686 2788 821 2848 scabiem
837 2794 958 2848 tantam
974 2797 1006 2849 et
1020 2790 1165 2867 contagia
1179 2790 1259 2850 lucri

442 2883 498 2941 Nil
513 2901 644 2961 parvum
661 2884 766 2961 sapias
780 2892 812 2944 et
827 2886 929 2945 adhuc
944 2885 1092 2946 sublimia
1104 2904 1210 2947 cures:
1472 2898 1507 2943 rc.

442 2979 527 3049 Quae
540 2998 625 3040 mare
641 2988 839 3058 compescant
855 3000 974 3055 causac,
991 2983 1066 3060 quid
1082 2988 1235 3061 temperet
1249 3001 1375 3057 annum,

442 3074 559 3135 Stellae
574 3084 686 3153 sponte
702 3094 759 3137 sua
774 3077 917 3137 iussaene
932 3085 1084 3155 vagentur
1098 3085 1130 3138 et
1144 3085 1258 3154 errent,

441 3171 524 3241 Quid
539 3179 662 3249 premat
677 3174 842 3234 obscurum
859 3176 975 3248 Lunae,
991 3175 1068 3252 quid
1082 3176 1222 3253 proferat
1236 3176 1351 3252 orbem,

441 3267 523 3337 Quid
538 3269 617 3328 velit
632 3276 663 3328 et
678 3272 778 3347 possit
793 3290 895 3331 rerum
911 3272 1077 3332 concordia
1090 3272 1219 3348 discors,

441 3364 647 3442 Empedocles
662 3386 702 3426 an
718 3367 905 3428 Stertinium
921 3368 1035 3429 deliret
1049 3371 1205 3429 acumen?
1469 3380 1499 3427 au

481 3461 598 3522 Verum
612 3479 668 3522 seu
682 3462 778 3540 piscis
794 3483 849 3524 seu
865 3482 992 3541 porrum
1007 3471 1039 3524 et
1053 3483 1146 3543 caepe
1160 3465 1308 3541 trucidas,

442 3559 540 3619 Utere
555 3558 705 3635 Pompeio
722 3560 866 3639 Grospho
881 3566 914 3620 ct
928 3562 955 3621 si
971 3561 1048 3639 quid
1063 3568 1158 3639 petet,
1173 3562 1258 3622 ultro

441 3654 555 3728 Defer3
578 3655 624 3713 nil
640 3655 804 3734 Grosphus
821 3657 884 3717 nisi
900 3677 1006 3718 verum
1023 3659 1124 3719 orabit
1138 3665 1171 3720 et
1183 3678 1325 3737 aequum.

441 3750 524 3811 Vilis
538 3751 706 3812 amicorum
724 3760 772 3813 cst
787 3772 920 3828 annona,
935 3756 1025 3816 bonis
1040 3756 1092 3815 ubi
1108 3756 1185 3833 quid
1199 3756 1297 3816 deest.

481 3847 530 3907 Ne
546 3854 650 3908 tamen
669 3849 801 3926 ignores,
816 3870 878 3927 quo
893 3851 937 3911 sit
951 3852 1092 3912 Romana
1106 3853 1172 3912 loco
1186 3871 1246 3929 res,
1467 3866 1497 3913 ao

441 3944 596 4006 Cantaber
612 3946 782 4024 Agrippae,
798 3945 910 4008 Claudi
927 3947 1044 4007 virtute
1059 3949 1196 4010 Neronis

441 4041 610 4102 Armenius
627 4043 758 4119 cecidit3
782 4044 831 4104 ius
846 4043 1073 4122 imperiumque
1090 4046 1242 4107 Phraates

440 4137 583 4199 Caesaris
599 4139 720 4218 accepit
735 4140 865 4216 genibus
880 4141 998 4218 minor;
1020 4160 1114 4202 aurea
1127 4144 1235 4220 fruges

441 4236 554 4297 Italiae
570 4236 664 4315 pleno
678 4237 826 4299 defundit
840 4239 1054 4318 Copiacornu
