3592 5067
381 957 450 1025 ιιι]
831 953 945 1005 nisan
967 953 1005 1005 ιι.

380 1131 477 1193 Posse
491 1129 621 1190 linenda
634 1128 728 1189 cedro
743 1135 775 1190 et
788 1127 852 1189 levi
868 1128 1023 1190 servanda
1035 1130 1209 1206 cupresso?

421 1229 487 1289 Aut
501 1227 648 1307 prodesse
663 1225 784 1302 volunt,
799 1232 856 1286 aut
869 1225 1027 1286 delectare
1041 1232 1160 1304 poetae,

379 1326 446 1387 Aut
460 1325 554 1386 simul
570 1332 602 1385 et
616 1324 755 1385 iucunda
768 1329 801 1384 et
815 1323 930 1384 idonea
944 1322 1048 1384 dicere
1063 1324 1156 1384 vitae.

378 1422 535 1502 Quicquid
550 1422 733 1501 praecipies,
748 1427 817 1482 esto
832 1420 946 1496 brevis,
961 1426 998 1481 ut
1012 1421 1076 1481 cito
1089 1420 1176 1481 dicta
1395 1433 1440 1480 333

378 1520 562 1600 Percipient
575 1520 673 1580 animi
689 1518 807 1580 dociles
822 1524 1014 1597 teneantque
1029 1517 1154 1580 fideles:

312 1691 315 1696 ⁴
378 1617 478 1679 Omne
493 1635 720 1696 supervacuum
736 1616 831 1694 pleno
844 1615 884 1677 de
900 1622 1025 1694 pectore
1039 1622 1155 1676 manat

378 1716 469 1776 Ficta
482 1715 655 1795 voluptatis
669 1733 766 1775 causa
780 1713 846 1775 sint
861 1714 1007 1793 proxima
1021 1713 1114 1774 veris.

376 1812 427 1873 Ne
441 1814 658 1891 quodcumque
675 1811 754 1872 velit
768 1818 877 1890 poscat
892 1810 953 1872 sibi
968 1810 1078 1871 fabrda
1090 1810 1186 1887 credi,

375 1909 449 1970 Neu
462 1928 595 1989 pransae
610 1909 740 1969 Lamiae
753 1909 862 1968 vivum
877 1926 1011 1986 puerum
1026 1907 1173 1969 extrahat
1186 1906 1266 1969 alvo.
1392 1922 1437 1969 ³40

376 2006 545 2067 Centuriae
560 2007 718 2067 seniorum
733 2006 858 2083 agitant
872 2005 1016 2084 expertia
1029 2004 1141 2082 frugis,

376 2103 460 2164 Celsi
474 2110 677 2181 praetereunt
691 2109 818 2164 austera
831 2108 978 2182 poemata
990 2102 1145 2163 Ramnes:

376 2199 475 2261 Omne
490 2200 567 2261 tulit
581 2208 743 2279 punctum,
759 2199 815 2279 qui
829 2199 958 2262 miscuit
972 2199 1051 2259 utile
1065 2198 1160 2275 dulci,

374 2297 539 2359 Lectorem
553 2297 739 2359 delectando
752 2298 935 2375 pariterque
949 2297 1112 2357 monendo.

375 2394 438 2455 Hic
453 2402 553 2455 meret
567 2414 639 2456 aera
653 2395 733 2456 liber
748 2394 857 2470 Sosiis,
872 2394 925 2455 hic
939 2400 972 2455 et
986 2411 1071 2454 marc
1085 2394 1202 2455 transit
1389 2408 1434 2455 ³45

374 2491 418 2552 Et
430 2491 559 2568 longum
573 2500 648 2553 noto
662 2492 811 2570 scriptori
826 2496 975 2569 prorogat
990 2509 1109 2551 aevum.

415 2589 496 2649 Sunt
510 2589 627 2649 delicta
641 2596 747 2650 tamen
762 2589 877 2667 quibus
892 2588 1051 2664 ignovisse
1065 2587 1216 2664 velimus;

372 2684 456 2764 Nam
470 2703 572 2763 neque
586 2686 703 2746 chorda
718 2704 829 2746 sonum
844 2684 959 2759 reddit,
972 2703 1065 2763 quem
1080 2685 1147 2744 volt
1162 2704 1272 2746 manus
1286 2692 1320 2747 et
1332 2704 1432 2764 mens,

372 2780 582 2859 Poscentique
597 2800 724 2858 gravem
739 2800 889 2860 persaepe
905 2780 1042 2841 remittit
1055 2786 1199 2857 acutum;

371 2877 403 2936 N
406 2895 439 2937 ec
455 2896 578 2955 semper
592 2878 696 2951 feriet,
711 2878 931 2956 quodcumque
946 2877 1126 2952 minabitur,
1142 2896 1240 2939 arcus.
1387 2893 1432 2940 333

372 2974 490 3034 Verum
505 2974 558 3034 ubi
574 2973 667 3051 plura
680 2974 786 3034 nitent
799 2974 834 3033 in
849 2974 996 3049 carmine,
1012 2993 1074 3034 non
1089 2992 1145 3051 ego
1160 2975 1269 3053 paucis

370 3070 522 3132 Offendar
535 3071 676 3146 maculis,
692 3089 771 3148 quas
786 3076 842 3131 aut
857 3070 979 3131 incuria
993 3070 1079 3131 fudit

369 3167 437 3227 Aut
450 3167 589 3226 humana
601 3186 712 3246 parum
727 3167 813 3227 cavit
827 3175 948 3228 natura.
990 3167 1072 3239 Quid
1087 3186 1160 3245 ergo
1174 3169 1249 3229 est?

371 3264 419 3323 Ut
433 3263 567 3341 scriptor
581 3264 609 3325 si
624 3271 734 3342 peccat
748 3264 832 3324 idem
841 3263 998 3326 iibrarius
1012 3284 1122 3342 usque,

369 3359 520 3431 Quamvis
534 3368 583 3422 est
597 3362 745 3436 monitus,
763 3361 964 3438 remaneret,
979 3368 1012 3422 et
1024 3362 1224 3424 citharoedus
1385 3378 1429 3424 stc

369 3457 513 3533 Ridetur,
529 3458 645 3518 chorda
658 3459 715 3537 qui
730 3476 853 3537 semper
867 3459 992 3519 oberrat
1006 3459 1132 3535 cadem;

369 3553 421 3615 Sic
435 3554 524 3629 mihi,
540 3555 595 3633 qui
610 3555 745 3615 multum
760 3563 872 3632 cessat,
887 3555 925 3616 fit
940 3555 1105 3617 Choerilus
1120 3556 1184 3634 ille,

368 3650 467 3721 Quem
482 3651 531 3712 bis
545 3659 654 3730 terque
670 3653 785 3713 bonum
800 3672 873 3713 oum
887 3653 955 3715 risu
969 3653 1082 3730 miror,
1105 3659 1137 3714 et
1150 3653 1234 3714 idem

367 3747 521 3827 Indignor
535 3750 722 3829 quandoque
737 3750 836 3811 bonus
851 3750 1003 3810 dormitat
1017 3750 1183 3812 Homerus.

366 3846 484 3906 Verum
500 3848 585 3924 operi
601 3848 694 3924 longo
708 3848 759 3908 fas
774 3855 823 3907 est
837 3848 985 3926 obrepere
1001 3867 1152 3908 somnum.
1382 3863 1427 3909 333

366 3944 415 4004 Ut
429 3944 552 4021 pictura
564 3944 685 4022 poesis:
708 3944 770 4005 erit
783 3962 872 4022 quae,
888 3945 917 4006 si
931 3944 1060 4023 propius
1075 3953 1149 4022 stes,

366 4039 410 4100 Te
424 4040 530 4119 capiat
543 4042 654 4117 magis,
670 4049 702 4102 et
716 4043 870 4121 quaedam
886 4042 913 4102 si
928 4042 1052 4118 longius
1067 4043 1180 4104 abstes.

365 4136 453 4197 Haec
468 4144 554 4198 amat
567 4139 748 4215 obscurum,
771 4139 856 4199 volet
870 4139 946 4200 haec
962 4140 1020 4201 sub
1034 4139 1103 4200 luce
1117 4140 1228 4216 videri,

365 4233 485 4295 Iudicis
500 4241 646 4311 argutum
661 4254 742 4314 quae
756 4255 819 4295 non
834 4237 986 4297 formidat
1000 4256 1146 4314 acumen,

364 4330 453 4391 Haec
468 4331 587 4410 placuit
601 4332 708 4409 semel,
723 4333 800 4394 haec
814 4333 941 4396 deciens
955 4334 1091 4415 repetita
1103 4336 1249 4415 placebit.
1377 4349 1422 4397 333
