3592 5067
378 904 473 972 nvn]
831 901 945 952 nmen
967 901 990 952 r

377 1077 449 1137 Hac
463 1074 602 1137 latebrae
616 1072 725 1134 dulces
739 1072 845 1148 etiam,
861 1072 888 1133 si
904 1072 1014 1149 credis,
1029 1091 1185 1150 amoenae,

377 1172 572 1234 Incolumem
587 1170 646 1232 tibi
662 1188 712 1231 me
727 1176 891 1248 praestant
906 1169 1142 1249 Septembribus
1156 1169 1252 1233 horis.

417 1271 466 1331 Tu
480 1274 564 1330 recte
579 1268 672 1341 vivis,
689 1267 717 1328 si
732 1285 823 1328 curas
838 1286 907 1329 esse
922 1268 1006 1346 quod
1021 1267 1120 1328 audis.

376 1367 537 1428 lactamus
551 1366 615 1426 iam
629 1363 752 1443 pridem
770 1365 871 1425 omnis
887 1371 919 1424 te
933 1365 1036 1424 Roma
1049 1365 1195 1442 beatum3

376 1464 438 1525 Sed
453 1482 562 1524 vereor
575 1480 615 1522 no
630 1462 680 1521 cui
696 1462 781 1546 dete
797 1460 868 1540 plus
884 1479 977 1540 quarn
993 1460 1053 1522 tibi
1067 1463 1184 1539 credas,

373 1562 406 1623 N
407 1579 465 1622 cve
480 1568 573 1639 putes
587 1559 685 1620 alium
700 1559 844 1637 sapiente
856 1557 1001 1637 bonoque
1015 1559 1150 1635 beatum,

373 1659 455 1734 Neu,
471 1659 498 1719 si
514 1665 546 1742 te
561 1656 696 1736 populus
712 1674 824 1716 sanum
840 1662 986 1733 recteque
1003 1656 1159 1717 valentem

373 1747 517 1828 Dictitet‚
534 1753 688 1814 occultam
704 1752 825 1813 febrem
841 1753 899 1813 sub
913 1759 1038 1831 ternpus
1053 1753 1167 1814 edendi

372 1851 573 1926 Dissimules,
590 1851 688 1911 donec
703 1849 849 1909 manibus
864 1856 980 1910 tremor
994 1850 1115 1931 incidat
1129 1851 1241 1914 unctis.

373 1949 549 2010 Stultorum
564 1948 708 2007 incurata
723 1947 824 2025 pudor
839 1947 941 2007 maius
957 1946 1061 2008 ulcera
1074 1947 1163 2009 celat

372 2046 407 2107 si
422 2046 494 2124 quis
508 2044 592 2106 bella
606 2043 665 2104 tibi
681 2049 766 2104 terra
780 2050 920 2122 pugnata
933 2044 1075 2123 marique

371 2142 475 2218 Dicat,
491 2148 524 2202 et
537 2141 589 2202 his
605 2141 709 2202 verbis
726 2159 840 2202 vacuas
855 2140 1048 2220 permulceat
1061 2142 1156 2218 auris,

372 2241 475 2309 ‘Tene
489 2240 590 2315 magis
606 2239 730 2300 salvum
751 2237 885 2318 populus
902 2238 988 2312 velit,
1003 2258 1043 2299 au
1059 2238 1210 2318 populum
1225 2246 1269 2315 tu,

371 2336 484 2414 Servet
497 2337 530 2396 in
545 2337 702 2414 ambiguo,
718 2336 773 2413 qui
790 2335 929 2396 consulit
943 2342 975 2395 et
989 2335 1047 2396 tibi
1062 2343 1094 2397 et
1110 2337 1189 2413 urbi,

371 2434 537 2513 Iuppiter,'
553 2434 690 2511 Augusti
706 2433 814 2494 landes
829 2433 1018 2509 adgnoscere
1034 2433 1153 2511 possis;

370 2531 450 2593 Cum
465 2530 583 2609 pateris
601 2531 728 2608 sapiens
743 2531 990 2609 emendatusque
1007 2531 1118 2605 vocari,

370 2627 597 2704 Respondesna
613 2634 676 2701 tuo,
692 2627 752 2701 dic,
767 2627 868 2702 sodes,
883 2627 1037 2692 nomine?
1079 2627 1220 2707 ‘Nempe

369 2724 428 2785 Vir
442 2724 542 2784 bonus
557 2729 589 2783 et
603 2724 742 2802 prudens
757 2722 820 2783 dici
835 2723 972 2783 delector
985 2742 1042 2801 ego
1056 2742 1093 2785 ac
1107 2725 1162 2785 tu!

409 2820 468 2891 Qui
485 2819 574 2879 dedit
589 2819 648 2879 hoc
663 2819 765 2894 hodie,
780 2838 849 2880 cras
864 2819 891 2880 si
908 2820 993 2881 volet
1006 2822 1139 2896 auferet,
1155 2829 1192 2882 ut
1205 2823 1234 2883 si

369 2916 529 2977 Detulerit
543 2916 646 2977 fasces
662 2916 801 2993 indigno,
817 2916 962 2977 detrahet
977 2917 1069 2977 idern.

369 3014 482 3089 ‘Pone‚
497 3031 602 3073 meum
617 3014 686 3089 est,'
701 3012 822 3091 inquit;
845 3032 927 3092 pono
942 3012 1106 3092 tristisque
1120 3015 1239 3077 recedo.

368 3110 457 3171 Idem
474 3110 501 3170 si
516 3110 632 3171 clamet
644 3110 758 3185 furem,
773 3117 866 3186 neget
881 3127 948 3172 esse
963 3111 1121 3189 pudicum,

367 3206 547 3268 contendat
561 3208 673 3285 laqueo
688 3205 803 3267 collum
819 3207 970 3285 pressisse
986 3215 1162 3286 paternum,

367 3304 514 3365 Mordear
528 3303 705 3383 opprobriis
719 3304 811 3364 falsis
826 3310 1006 3382 mutemque
1021 3305 1166 3367 colores?

368 3400 480 3462 Falsus
495 3400 593 3461 honor
608 3401 697 3461 iuvat
711 3406 743 3460 et
758 3401 891 3461 mendax
907 3402 1041 3461 infamia
1053 3409 1151 3463 terret

366 3498 465 3569 Quem
480 3497 543 3560 nisi
557 3497 743 3559 mendosum
757 3504 790 3558 ct
803 3498 1049 3559 medicandum?

1007 3595 1066 3656 Vir
1078 3597 1178 3659 bonus
1193 3598 1353 3678 estquis?
1394 3612 1425 3658 40

366 3691 444 3762 ‘Qui
458 3691 604 3754 consulta
617 3698 753 3771 patrum,
768 3692 822 3770 qui
836 3692 922 3770 leges
937 3693 1066 3771 iuraque
1080 3702 1195 3772 servat,

365 3788 433 3859 Quo
448 3789 566 3849 multae
581 3808 774 3867 magnaeque
789 3796 937 3870 secantur
952 3790 1054 3850 iudice
1069 3790 1152 3865 lites,

365 3884 433 3955 Quo
448 3904 497 3946 res
513 3905 661 3963 sponsore
677 3893 709 3946 et
723 3905 786 3963 quo
799 3904 911 3947 causae
926 3892 1006 3947 teste
1021 3889 1188 3948 tenentur!

366 3982 427 4042 Sed
444 3982 530 4042 videt
546 3983 627 4044 hunc
643 3982 745 4043 omnis
760 3984 871 4044 domus
886 3990 919 4043 et
934 3983 1051 4044 vicinia
1063 3991 1132 4045 tota

366 4078 542 4140 Introrsum
558 4086 691 4158 turpem,
707 4080 883 4158 speciosum
899 4081 981 4157 pelle
996 4081 1117 4142 decora

366 4175 451 4235 ‘Nec
465 4177 587 4235 furtum
602 4177 664 4237 feci
679 4197 736 4238 nec
751 4178 841 4255 fugi:
857 4178 883 4237 si
900 4178 977 4237 mihi
993 4178 1077 4238 dicat

364 4273 491 4349 Servus,
506 4273 632 4336 ‘Habes
647 4275 794 4353 pretium,
809 4275 885 4337 loris
900 4294 963 4335 non
977 4276 1097 4353 ureris,'
1112 4276 1170 4338 aio.
