3592 5067
697 146 1159 275 *—

271 760 314 825 56
701 775 907 828 suanorum

273 945 397 1005 Audeat
412 948 554 1010 esuriens
570 948 714 1011 dominus
728 950 910 1026 contingere
924 967 1073 1026 grauum;

271 1046 318 1102 Ae
334 1044 438 1121 potius
453 1045 542 1107 foliis
557 1065 670 1125 parcus
686 1054 829 1107 vescatur
844 1047 976 1121 amaris3

271 1140 305 1200 Si
321 1141 433 1219 positis
449 1144 535 1204 intus
551 1143 622 1205 Chii
639 1145 816 1220 veterisque
832 1143 958 1203 Falerni

271 1227 361 1298 Mille
377 1241 473 1315 cadis,
490 1240 571 1299 nihil
588 1249 645 1315 est,
661 1248 849 1300 tercentum
866 1239 1004 1313 milibus,
1019 1256 1089 1299 acre

271 1336 364 1396 Potet
379 1345 520 1413 acetum3
543 1356 609 1416 age,
626 1338 651 1397 si
668 1345 701 1396 et
716 1337 900 1396 stramentis
915 1337 1041 1395 incubet
1055 1335 1148 1395 unde

270 1432 439 1510 Octoginta
454 1453 552 1495 anuos
567 1441 671 1507 natus,
687 1433 737 1492 eui
753 1433 894 1507 stragula
909 1433 1015 1507 vestis,

271 1530 448 1590 Blattarum
465 1549 501 1590 ae
515 1532 671 1590 tinearum
687 1529 808 1606 epulae,
824 1537 984 1605 putrescat
999 1530 1031 1587 in
1046 1545 1133 1602 arca3

309 1628 468 1686 Nimirum
486 1629 617 1686 insanus
633 1626 740 1703 paucis
758 1625 911 1700 videatur,
926 1642 963 1684 eo
977 1624 1061 1702 quod

270 1724 410 1782 Maxima
425 1742 497 1800 pars
513 1723 676 1783 hominum
692 1723 800 1781 morbo
815 1724 949 1782 iactatur
964 1723 1080 1782 eodem.

269 1820 371 1878 Filius
385 1828 442 1879 aut
457 1821 552 1879 etiarn
569 1820 644 1878 haec
661 1819 794 1878 libertus
809 1826 844 1877 ut
859 1819 965 1878 ebibat
980 1820 1080 1893 heres,

269 1916 328 1976 Dis
344 1917 470 1975 ‘mimice
486 1933 591 1989 senex,
607 1915 774 1975 custodis?
817 1916 866 1974 Ne
883 1915 941 1975 tibi
957 1916 1065 1975 desit?

268 2012 463 2083 Quantulum
479 2014 563 2071 enirn
580 2030 719 2071 summae
733 2012 871 2071 curtabit
886 2012 1020 2089 quisque
1035 2013 1165 2087 dierum,

271 2112 418 2186 Unguere
435 2110 461 2170 si
478 2108 582 2169 caules
598 2108 666 2167 oleo
681 2107 810 2168 meliore
824 2117 981 2186 caputque
1288 2119 1331 2166 tae

269 2206 416 2284 Coeperis
433 2209 559 2283 impexa
574 2205 700 2264 foedum
718 2205 903 2282 porrigine?
945 2204 1056 2279 Quare,

269 2303 301 2362 Si
318 2302 445 2378 quidvis
461 2305 539 2363 satis
554 2309 612 2376 est,
629 2302 780 2379 periuras,
796 2302 938 2380 surripis,
954 2302 1060 2361 aufers

271 2400 446 2480 Undique?
491 2400 560 2457 Tun
578 2400 700 2458 sanus?
743 2398 898 2476 Populum
916 2399 942 2457 si
958 2398 1085 2458 caedere
1101 2401 1185 2458 saxis

270 2495 409 2572 Incipias
426 2513 573 2555 servosve
588 2490 668 2569 tuos,
685 2514 763 2571 quos
778 2513 849 2554 aere
865 2497 994 2572 pararis,

270 2592 419 2651 Insanum
437 2600 468 2651 te
484 2610 591 2651 omnes
606 2592 696 2670 pueri
711 2587 910 2668 clamentque
925 2592 1065 2669 puellae;
1287 2601 1331 2647 1³0

269 2688 347 2748 Cum
365 2687 475 2764 laqueo
491 2707 619 2747 uxorem
635 2688 793 2747 interimis
809 2696 1003 2764 matremque
1020 2706 1146 2761 veneno,

270 2785 424 2843 Incolumi
439 2785 543 2860 capite
557 2787 617 2844 es?
653 2783 734 2855 Quid
748 2787 858 2843 enirn?
894 2784 1005 2862 Neque
1017 2792 1051 2844 tu
1063 2785 1120 2844 hoc
1132 2783 1212 2843 lacis
1223 2784 1328 2858 Argis,
1346 2824 1349 2829 -

267 2880 297 2939 N
301 2900 335 2941 ec
351 2882 435 2940 ferro
451 2887 486 2939 ut
501 2881 629 2940 demens
644 2881 832 2956 genetricem
847 2881 964 2940 occidis
980 2881 1116 2942 Orestes.

268 2979 319 3036 An
335 2986 369 3037 tu
385 2979 464 3037 reris
479 2995 550 3036 eum
565 2978 668 3037 occisa
683 2980 838 3037 insanisse
853 2986 992 3055 parente,

229 3148 231 3152 Ι
269 3076 315 3134 Ao
331 3093 392 3133 non
407 3081 481 3134 ante
498 3074 589 3132 malis
605 3073 781 3133 dementem
797 3081 900 3133 actum
918 3075 1022 3134 Furiis
1037 3094 1130 3153 quarn
1238 3076 1243 3084 '
1286 3084 1330 3131 135

270 3172 306 3229 ln
323 3172 434 3229 matris
450 3170 559 3245 iugulo
574 3170 693 3229 ferrum
710 3170 859 3247 tepefecit
873 3173 1025 3230 acutum?

268 3268 360 3343 Quin,
376 3286 415 3325 ex
431 3285 492 3344 quo
506 3274 555 3326 est
570 3268 698 3326 habitus
713 3266 795 3326 male
810 3275 896 3326 tutae
913 3268 1028 3326 mentis
1042 3267 1178 3342 Orestes,

268 3363 325 3422 Nil
340 3382 414 3424 sane
431 3364 507 3423 fecit
523 3363 605 3440 quod
621 3372 656 3423 tu
672 3363 899 3441 reprehendere
915 3364 1033 3440 possis3

269 3461 339 3518 Non
357 3460 500 3538 Pyladen
518 3462 601 3519 ferro
617 3460 734 3519 violare
750 3479 884 3520 aususve
900 3478 1036 3520 sororem

268 3557 425 3632 Electran,
443 3564 567 3617 tantum
584 3556 746 3617 maledicit
761 3559 886 3635 utrique
903 3557 1042 3616 vocando
1285 3570 1328 3616 140

268 3654 361 3713 Hauc
377 3655 513 3728 Furiam,
529 3655 614 3714 hune
629 3654 727 3728 aliud,
743 3655 837 3714 iussit
851 3654 933 3731 quod
950 3654 1115 3731 splendida
1129 3653 1211 3714 bilis.

309 3751 432 3827 Pauper
448 3751 593 3827 Opimius
609 3751 731 3828 argenti
748 3753 842 3828 positi
860 3756 947 3810 intus
962 3755 1085 3826 etcum,

267 3846 327 3917 Qui
344 3848 553 3907 Veientanum
569 3850 662 3909 festis
678 3856 786 3926 potare
801 3848 912 3909 diebus

268 3944 429 4022 Campana
444 3946 556 4006 solitus
572 3946 670 4005 trulla
685 3964 880 4024 vappamque
896 3946 1055 4024 profestis,

267 4042 431 4112 Quondam
449 4043 591 4119 lethargo
607 4043 716 4119 grandi
733 4053 781 4103 est
796 4062 974 4120 oppressus,
990 4053 1025 4103 ut
1039 4044 1128 4105 heres
1284 4055 1327 4101 let

269 4140 336 4199 Iam
353 4143 469 4199 circum
486 4139 604 4200 loculos
618 4148 651 4200 et
665 4140 764 4200 clavis
780 4141 880 4201 laetus
896 4159 1055 4218 ovansque
