<?xml version="1.0" encoding="UTF-8"?>
<!DOCTYPE html PUBLIC "-//W3C//DTD XHTML 1.0 Transitional//EN"
    "http://www.w3.org/TR/xhtml1/DTD/xhtml1-transitional.dtd">
<html xmlns="http://www.w3.org/1999/xhtml" xml:lang="en" lang="en">
 <head>
  <title>
</title>
<meta http-equiv="Content-Type" content="text/html;charset=utf-8" />
  <meta name='ocr-system' content='tesseract 3.04.00' />
  <meta name='ocr-capabilities' content='ocr_page ocr_carea ocr_par ocr_line ocrx_word'/>
</head>
<body>
  <div class='ocr_page' id='page_1' title='image "./qhoratiflaccise00rolfgoog_0199.png"; bbox 0 0 3592 5067; ppageno 0'>
   <div class='ocr_carea' id='block_1_1' title="bbox 75 146 918 356">
    <p class='ocr_par' dir='ltr' id='par_1_1' title="bbox 75 146 918 356">
     <span class='ocr_line' id='line_1_1' title="bbox 75 146 918 356; baseline 0.004 -3"><span class='ocrx_word' id='word_1_1' title='bbox 75 146 918 356; x_wconf 63' lang='grc' dir='ltr'><strong><em>Δ</em></strong></span> 
     </span>
    </p>
   </div>
   <div class='ocr_carea' id='block_1_2' title="bbox 254 726 870 841">
    <p class='ocr_par' dir='ltr' id='par_1_2' title="bbox 254 726 870 841">
     <span class='ocr_line' id='line_1_2' title="bbox 254 726 870 841; baseline -0.006 -16"><span class='ocrx_word' id='word_1_2' title='bbox 254 726 308 841; x_wconf 73' lang='lat' dir='ltr'><strong>uj</strong></span> <span class='ocrx_word' id='word_1_3' title='bbox 698 768 810 820; x_wconf 80' lang='lat' dir='ltr'><strong>umas</strong></span> <span class='ocrx_word' id='word_1_4' title='bbox 833 767 870 821; x_wconf 85' lang='lat' dir='ltr'><strong>m</strong></span> 
     </span>
    </p>
   </div>
   <div class='ocr_carea' id='block_1_3' title="bbox 240 928 1144 4226">
    <p class='ocr_par' dir='ltr' id='par_1_3' title="bbox 254 928 1044 1021">
     <span class='ocr_line' id='line_1_3' title="bbox 254 928 1044 1021; baseline -0.003 -13"><span class='ocrx_word' id='word_1_5' title='bbox 254 945 404 1009; x_wconf 76' lang='lat' dir='ltr'><strong>Gaudent</strong></span> <span class='ocrx_word' id='word_1_6' title='bbox 416 942 591 1007; x_wconf 71' lang='lat' dir='ltr'>scribentes</span> <span class='ocrx_word' id='word_1_7' title='bbox 605 947 638 1004; x_wconf 92' lang='lat' dir='ltr'><strong>et</strong></span> <span class='ocrx_word' id='word_1_8' title='bbox 651 960 685 1004; x_wconf 88' lang='lat' dir='ltr'><strong>se</strong></span> <span class='ocrx_word' id='word_1_9' title='bbox 699 947 889 1004; x_wconf 84' lang='lat' dir='ltr'><strong>venerantur</strong></span> <span class='ocrx_word' id='word_1_10' title='bbox 903 948 936 1004; x_wconf 89' lang='lat' dir='ltr'><strong>et</strong></span> <span class='ocrx_word' id='word_1_11' title='bbox 949 928 1044 1021; x_wconf 84' lang='lat' dir='ltr'><strong>ultro,</strong></span> 
     </span>
    </p>

    <p class='ocr_par' dir='ltr' id='par_1_4' title="bbox 252 1039 1006 1219">
     <span class='ocr_line' id='line_1_4' title="bbox 253 1039 1006 1119; baseline -0.001 -15"><span class='ocrx_word' id='word_1_12' title='bbox 253 1042 289 1104; x_wconf 83' lang='lat' dir='ltr'><strong>Si</strong></span> <span class='ocrx_word' id='word_1_13' title='bbox 302 1050 417 1118; x_wconf 87' lang='lat' dir='ltr'><strong>taceas,</strong></span> <span class='ocrx_word' id='word_1_14' title='bbox 432 1040 566 1102; x_wconf 88' lang='lat' dir='ltr'><strong>laudant</strong></span> <span class='ocrx_word' id='word_1_15' title='bbox 580 1039 730 1118; x_wconf 90' lang='lat' dir='ltr'><strong>quicquid</strong></span> <span class='ocrx_word' id='word_1_16' title='bbox 745 1039 898 1119; x_wconf 74' lang='lat' dir='ltr'>scripsere</span> <span class='ocrx_word' id='word_1_17' title='bbox 912 1040 1006 1103; x_wconf 87' lang='lat' dir='ltr'><strong>beati.</strong></span> 
     </span>
     <span class='ocr_line' id='line_1_5' title="bbox 252 1136 945 1219; baseline -0.007 -18"><span class='ocrx_word' id='word_1_18' title='bbox 252 1138 368 1219; x_wconf 84' lang='lat' dir='ltr'><strong>atqui</strong></span> <span class='ocrx_word' id='word_1_19' title='bbox 382 1138 561 1216; x_wconf 88' lang='lat' dir='ltr'><strong>legitimum</strong></span> <span class='ocrx_word' id='word_1_20' title='bbox 576 1136 683 1215; x_wconf 91' lang='lat' dir='ltr'><strong>cupiet</strong></span> <span class='ocrx_word' id='word_1_21' title='bbox 696 1136 811 1198; x_wconf 84' lang='lat' dir='ltr'><strong>fecisse</strong></span> <span class='ocrx_word' id='word_1_22' title='bbox 826 1155 945 1215; x_wconf 88' lang='lat' dir='ltr'><strong>poema,</strong></span> 
     </span>
    </p>

    <p class='ocr_par' dir='ltr' id='par_1_5' title="bbox 250 1234 1129 1605">
     <span class='ocr_line' id='line_1_6' title="bbox 252 1234 1038 1300; baseline -0.003 -1"><span class='ocrx_word' id='word_1_23' title='bbox 252 1237 330 1300; x_wconf 90' lang='lat' dir='ltr'><strong>Cum</strong></span> <span class='ocrx_word' id='word_1_24' title='bbox 345 1235 464 1298; x_wconf 89' lang='lat' dir='ltr'><strong>tabulis</strong></span> <span class='ocrx_word' id='word_1_25' title='bbox 478 1234 621 1296; x_wconf 90' lang='lat' dir='ltr'><strong>animum</strong></span> <span class='ocrx_word' id='word_1_26' title='bbox 635 1234 772 1296; x_wconf 89' lang='lat' dir='ltr'><strong>censoris</strong></span> <span class='ocrx_word' id='word_1_27' title='bbox 787 1239 891 1295; x_wconf 90' lang='lat' dir='ltr'><strong>sumet</strong></span> <span class='ocrx_word' id='word_1_28' title='bbox 904 1234 1038 1297; x_wconf 87' lang='lat' dir='ltr'><strong>honesti</strong></span> 
     </span>
     <span class='ocr_line' id='line_1_7' title="bbox 250 1331 1125 1413; baseline -0.002 -17"><span class='ocrx_word' id='word_1_29' title='bbox 250 1335 400 1411; x_wconf 76' lang='lat' dir='ltr'><strong>Audebit,</strong></span> <span class='ocrx_word' id='word_1_30' title='bbox 415 1349 632 1413; x_wconf 89' lang='lat' dir='ltr'><strong>quaecumque</strong></span> <span class='ocrx_word' id='word_1_31' title='bbox 646 1350 756 1410; x_wconf 84' lang='lat' dir='ltr'><strong>pamm</strong></span> <span class='ocrx_word' id='word_1_32' title='bbox 771 1331 948 1411; x_wconf 82' lang='lat' dir='ltr'>splendoris</span> <span class='ocrx_word' id='word_1_33' title='bbox 963 1332 1125 1394; x_wconf 90' lang='lat' dir='ltr'><strong>habebunt</strong></span> 
     </span>
     <span class='ocr_line' id='line_1_8' title="bbox 250 1429 1129 1511; baseline -0.003 -17"><span class='ocrx_word' id='word_1_34' title='bbox 250 1432 294 1494; x_wconf 87' lang='lat' dir='ltr'><strong>Et</strong></span> <span class='ocrx_word' id='word_1_35' title='bbox 308 1433 377 1494; x_wconf 90' lang='lat' dir='ltr'><strong>sine</strong></span> <span class='ocrx_word' id='word_1_36' title='bbox 391 1429 529 1511; x_wconf 90' lang='lat' dir='ltr'><strong>pondere</strong></span> <span class='ocrx_word' id='word_1_37' title='bbox 543 1433 638 1490; x_wconf 90' lang='lat' dir='ltr'><strong>erunt</strong></span> <span class='ocrx_word' id='word_1_38' title='bbox 651 1434 685 1490; x_wconf 90' lang='lat' dir='ltr'><strong>et</strong></span> <span class='ocrx_word' id='word_1_39' title='bbox 699 1429 816 1490; x_wconf 91' lang='lat' dir='ltr'><strong>honore</strong></span> <span class='ocrx_word' id='word_1_40' title='bbox 830 1429 963 1508; x_wconf 88' lang='lat' dir='ltr'><strong>indigna</strong></span> <span class='ocrx_word' id='word_1_41' title='bbox 976 1430 1129 1507; x_wconf 82' lang='lat' dir='ltr'><strong>ferentur,</strong></span> 
     </span>
     <span class='ocr_line' id='line_1_9' title="bbox 250 1526 1026 1605; baseline -0.006 -13"><span class='ocrx_word' id='word_1_42' title='bbox 250 1530 355 1592; x_wconf 87' lang='lat' dir='ltr'><strong>Verba</strong></span> <span class='ocrx_word' id='word_1_43' title='bbox 369 1546 494 1590; x_wconf 90' lang='lat' dir='ltr'><strong>movere</strong></span> <span class='ocrx_word' id='word_1_44' title='bbox 508 1526 586 1602; x_wconf 90' lang='lat' dir='ltr'><strong>loco,</strong></span> <span class='ocrx_word' id='word_1_45' title='bbox 601 1526 746 1605; x_wconf 85' lang='lat' dir='ltr'><strong>quamvis</strong></span> <span class='ocrx_word' id='word_1_46' title='bbox 761 1526 864 1586; x_wconf 89' lang='lat' dir='ltr'><strong>invita</strong></span> <span class='ocrx_word' id='word_1_47' title='bbox 878 1528 1026 1588; x_wconf 75' lang='lat' dir='ltr'>recedant</span> 
     </span>
    </p>

    <p class='ocr_par' dir='ltr' id='par_1_6' title="bbox 249 1622 1025 1801">
     <span class='ocr_line' id='line_1_10' title="bbox 249 1622 1025 1702; baseline -0.003 -15"><span class='ocrx_word' id='word_1_48' title='bbox 249 1626 293 1687; x_wconf 87' lang='lat' dir='ltr'><strong>Et</strong></span> <span class='ocrx_word' id='word_1_49' title='bbox 307 1632 473 1688; x_wconf 87' lang='lat' dir='ltr'><strong>versentur</strong></span> <span class='ocrx_word' id='word_1_50' title='bbox 488 1624 592 1685; x_wconf 88' lang='lat' dir='ltr'><strong>adhue</strong></span> <span class='ocrx_word' id='word_1_51' title='bbox 606 1623 690 1684; x_wconf 88' lang='lat' dir='ltr'><strong>intra</strong></span> <span class='ocrx_word' id='word_1_52' title='bbox 703 1622 878 1702; x_wconf 87' lang='lat' dir='ltr'><strong>penetralia</strong></span> <span class='ocrx_word' id='word_1_53' title='bbox 893 1624 1025 1701; x_wconf 73' lang='lat' dir='ltr'><strong>Vestae,</strong></span> 
     </span>
     <span class='ocr_line' id='line_1_11' title="bbox 250 1720 950 1801; baseline -0.004 -16"><span class='ocrx_word' id='word_1_54' title='bbox 250 1722 425 1786; x_wconf 88' lang='lat' dir='ltr'><strong>Obscurata</strong></span> <span class='ocrx_word' id='word_1_55' title='bbox 438 1722 493 1783; x_wconf 88' lang='lat' dir='ltr'><strong>diu</strong></span> <span class='ocrx_word' id='word_1_56' title='bbox 507 1720 625 1801; x_wconf 94' lang='lat' dir='ltr'><strong>populo</strong></span> <span class='ocrx_word' id='word_1_57' title='bbox 639 1720 739 1781; x_wconf 89' lang='lat' dir='ltr'><strong>bonus</strong></span> <span class='ocrx_word' id='word_1_58' title='bbox 753 1726 842 1780; x_wconf 92' lang='lat' dir='ltr'><strong>eruet</strong></span> <span class='ocrx_word' id='word_1_59' title='bbox 856 1727 950 1800; x_wconf 90' lang='lat' dir='ltr'><strong>atque</strong></span> 
     </span>
    </p>

    <p class='ocr_par' dir='ltr' id='par_1_7' title="bbox 249 1816 1011 1895">
     <span class='ocr_line' id='line_1_12' title="bbox 249 1816 1011 1895; baseline -0.005 -14"><span class='ocrx_word' id='word_1_60' title='bbox 249 1820 394 1881; x_wconf 85' lang='lat' dir='ltr'><strong>Proieret</strong></span> <span class='ocrx_word' id='word_1_61' title='bbox 409 1820 442 1880; x_wconf 93' lang='lat' dir='ltr'><strong>in</strong></span> <span class='ocrx_word' id='word_1_62' title='bbox 457 1820 557 1880; x_wconf 92' lang='lat' dir='ltr'><strong>lucem</strong></span> <span class='ocrx_word' id='word_1_63' title='bbox 574 1817 718 1895; x_wconf 86' lang='lat' dir='ltr'><strong>speciosa</strong></span> <span class='ocrx_word' id='word_1_64' title='bbox 731 1816 883 1878; x_wconf 86' lang='lat' dir='ltr'><strong>voeabula</strong></span> <span class='ocrx_word' id='word_1_65' title='bbox 896 1837 1011 1894; x_wconf 88' lang='lat' dir='ltr'><strong>rerum,</strong></span> 
     </span>
    </p>

    <p class='ocr_par' dir='ltr' id='par_1_8' title="bbox 246 1914 1109 2574">
     <span class='ocr_line' id='line_1_13' title="bbox 248 1914 1109 1996; baseline 0.003 -21"><span class='ocrx_word' id='word_1_66' title='bbox 248 1917 332 1989; x_wconf 82' lang='lat' dir='ltr'><strong>Quae</strong></span> <span class='ocrx_word' id='word_1_67' title='bbox 347 1916 461 1996; x_wconf 83' lang='lat' dir='ltr'><strong>priscis</strong></span> <span class='ocrx_word' id='word_1_68' title='bbox 475 1922 648 1976; x_wconf 87' lang='lat' dir='ltr'><strong>memorata</strong></span> <span class='ocrx_word' id='word_1_69' title='bbox 662 1914 835 1976; x_wconf 81' lang='lat' dir='ltr'><strong>Catonibus</strong></span> <span class='ocrx_word' id='word_1_70' title='bbox 849 1921 944 1994; x_wconf 87' lang='lat' dir='ltr'><strong>atque</strong></span> <span class='ocrx_word' id='word_1_71' title='bbox 959 1914 1109 1994; x_wconf 79' lang='lat' dir='ltr'><strong>Cethegis</strong></span> 
     </span>
     <span class='ocr_line' id='line_1_14' title="bbox 247 2012 1087 2091; baseline -0.001 -16"><span class='ocrx_word' id='word_1_72' title='bbox 247 2014 342 2075; x_wconf 87' lang='lat' dir='ltr'><strong>Nunc</strong></span> <span class='ocrx_word' id='word_1_73' title='bbox 357 2014 439 2074; x_wconf 87' lang='lat' dir='ltr'><strong>situs</strong></span> <span class='ocrx_word' id='word_1_74' title='bbox 453 2012 600 2073; x_wconf 83' lang='lat' dir='ltr'><strong>informis</strong></span> <span class='ocrx_word' id='word_1_75' title='bbox 613 2012 731 2091; x_wconf 86' lang='lat' dir='ltr'><strong>premit</strong></span> <span class='ocrx_word' id='word_1_76' title='bbox 745 2018 777 2071; x_wconf 92' lang='lat' dir='ltr'><strong>et</strong></span> <span class='ocrx_word' id='word_1_77' title='bbox 790 2012 915 2073; x_wconf 91' lang='lat' dir='ltr'><strong>deserta</strong></span> <span class='ocrx_word' id='word_1_78' title='bbox 928 2018 1087 2090; x_wconf 73' lang='lat' dir='ltr'><strong>vetustas,</strong></span> 
     </span>
     <span class='ocr_line' id='line_1_15' title="bbox 247 2108 1050 2189; baseline -0.004 -17"><span class='ocrx_word' id='word_1_79' title='bbox 247 2110 414 2173; x_wconf 77' lang='lat' dir='ltr'><strong>Adsciscet</strong></span> <span class='ocrx_word' id='word_1_80' title='bbox 428 2128 518 2185; x_wconf 88' lang='lat' dir='ltr'><strong>nova,</strong></span> <span class='ocrx_word' id='word_1_81' title='bbox 533 2127 615 2189; x_wconf 87' lang='lat' dir='ltr'><strong>quae</strong></span> <span class='ocrx_word' id='word_1_82' title='bbox 629 2108 753 2187; x_wconf 89' lang='lat' dir='ltr'><strong>genitor</strong></span> <span class='ocrx_word' id='word_1_83' title='bbox 766 2108 950 2187; x_wconf 88' lang='lat' dir='ltr'><strong>produxerit</strong></span> <span class='ocrx_word' id='word_1_84' title='bbox 965 2128 1050 2171; x_wconf 92' lang='lat' dir='ltr'><strong>usus.</strong></span> 
     </span>
     <span class='ocr_line' id='line_1_16' title="bbox 247 2205 1082 2285; baseline -0.004 -15"><span class='ocrx_word' id='word_1_85' title='bbox 247 2207 425 2270; x_wconf 88' lang='lat' dir='ltr'><strong>Vehemens</strong></span> <span class='ocrx_word' id='word_1_86' title='bbox 440 2213 473 2269; x_wconf 90' lang='lat' dir='ltr'><strong>et</strong></span> <span class='ocrx_word' id='word_1_87' title='bbox 486 2206 784 2285; x_wconf 89' lang='lat' dir='ltr'><strong>liquidus&#39;puroque</strong></span> <span class='ocrx_word' id='word_1_88' title='bbox 799 2205 981 2268; x_wconf 90' lang='lat' dir='ltr'><strong>simillimus</strong></span> <span class='ocrx_word' id='word_1_89' title='bbox 995 2206 1082 2267; x_wconf 89' lang='lat' dir='ltr'><strong>amni</strong></span> 
     </span>
     <span class='ocr_line' id='line_1_17' title="bbox 247 2303 1043 2384; baseline -0.004 -19"><span class='ocrx_word' id='word_1_90' title='bbox 247 2304 373 2367; x_wconf 83' lang='lat' dir='ltr'><strong>Fundet</strong></span> <span class='ocrx_word' id='word_1_91' title='bbox 387 2323 462 2384; x_wconf 92' lang='lat' dir='ltr'><strong>opes</strong></span> <span class='ocrx_word' id='word_1_92' title='bbox 477 2305 667 2383; x_wconf 88' lang='lat' dir='ltr'><strong>Latiumque</strong></span> <span class='ocrx_word' id='word_1_93' title='bbox 683 2303 789 2364; x_wconf 82' lang='lat' dir='ltr'><strong>beabit</strong></span> <span class='ocrx_word' id='word_1_94' title='bbox 803 2303 903 2365; x_wconf 89' lang='lat' dir='ltr'><strong>divite</strong></span> <span class='ocrx_word' id='word_1_95' title='bbox 917 2303 1043 2382; x_wconf 73' lang='lat' dir='ltr'><strong>lingua,</strong></span> 
     </span>
     <span class='ocr_line' id='line_1_18' title="bbox 247 2401 987 2479; baseline 0.001 -18"><span class='ocrx_word' id='word_1_96' title='bbox 247 2402 458 2463; x_wconf 86' lang='lat' dir='ltr'><strong>Luxuriantia</strong></span> <span class='ocrx_word' id='word_1_97' title='bbox 472 2406 658 2479; x_wconf 79' lang='lat' dir='ltr'><strong>compescet,</strong></span> <span class='ocrx_word' id='word_1_98' title='bbox 674 2401 769 2461; x_wconf 90' lang='lat' dir='ltr'><strong>nimis</strong></span> <span class='ocrx_word' id='word_1_99' title='bbox 784 2419 896 2479; x_wconf 90' lang='lat' dir='ltr'><strong>aspera</strong></span> <span class='ocrx_word' id='word_1_100' title='bbox 909 2420 987 2462; x_wconf 92' lang='lat' dir='ltr'><strong>sano</strong></span> 
     </span>
     <span class='ocr_line' id='line_1_19' title="bbox 246 2497 893 2574; baseline -0.002 -15"><span class='ocrx_word' id='word_1_101' title='bbox 246 2498 381 2559; x_wconf 86' lang='lat' dir='ltr'><strong>Levabit</strong></span> <span class='ocrx_word' id='word_1_102' title='bbox 394 2498 492 2574; x_wconf 90' lang='lat' dir='ltr'><strong>cultu,</strong></span> <span class='ocrx_word' id='word_1_103' title='bbox 507 2499 624 2558; x_wconf 86' lang='lat' dir='ltr'><strong>virtute</strong></span> <span class='ocrx_word' id='word_1_104' title='bbox 639 2498 779 2557; x_wconf 91' lang='lat' dir='ltr'><strong>carentia</strong></span> <span class='ocrx_word' id='word_1_105' title='bbox 792 2497 893 2573; x_wconf 91' lang='lat' dir='ltr'><strong>tollet,</strong></span> 
     </span>
    </p>

    <p class='ocr_par' dir='ltr' id='par_1_9' title="bbox 244 2592 1107 2963">
     <span class='ocr_line' id='line_1_20' title="bbox 246 2592 1048 2674; baseline 0.001 -20"><span class='ocrx_word' id='word_1_106' title='bbox 246 2592 401 2657; x_wconf 89' lang='lat' dir='ltr'><strong>Ludentis</strong></span> <span class='ocrx_word' id='word_1_107' title='bbox 416 2594 554 2673; x_wconf 88' lang='lat' dir='ltr'><strong>speciem</strong></span> <span class='ocrx_word' id='word_1_108' title='bbox 569 2594 657 2655; x_wconf 91' lang='lat' dir='ltr'><strong>dabit</strong></span> <span class='ocrx_word' id='word_1_109' title='bbox 672 2601 705 2654; x_wconf 91' lang='lat' dir='ltr'><strong>et</strong></span> <span class='ocrx_word' id='word_1_110' title='bbox 718 2594 926 2671; x_wconf 85' lang='lat' dir='ltr'><strong>torquebitur,</strong></span> <span class='ocrx_word' id='word_1_111' title='bbox 942 2595 1048 2674; x_wconf 88' lang='lat' dir='ltr'><strong>utqui</strong></span> 
     </span>
     <span class='ocr_line' id='line_1_21' title="bbox 245 2689 1105 2770; baseline 0.001 -18"><span class='ocrx_word' id='word_1_112' title='bbox 245 2691 339 2752; x_wconf 87' lang='lat' dir='ltr'><strong>Nunc</strong></span> <span class='ocrx_word' id='word_1_113' title='bbox 354 2691 513 2770; x_wconf 80' lang='lat' dir='ltr'><strong>Satyrum,</strong></span> <span class='ocrx_word' id='word_1_114' title='bbox 529 2709 612 2751; x_wconf 92' lang='lat' dir='ltr'><strong>nunc</strong></span> <span class='ocrx_word' id='word_1_115' title='bbox 626 2696 782 2768; x_wconf 82' lang='lat' dir='ltr'><strong>agrestem</strong></span> <span class='ocrx_word' id='word_1_116' title='bbox 798 2689 937 2769; x_wconf 87' lang='lat' dir='ltr'><strong>Cyclopa</strong></span> <span class='ocrx_word' id='word_1_117' title='bbox 951 2698 1105 2753; x_wconf 88' lang='lat' dir='ltr'><strong>movetur.</strong></span> 
     </span>
     <span class='ocr_line' id='line_1_22' title="bbox 285 2786 1064 2865; baseline -0.001 -17"><span class='ocrx_word' id='word_1_118' title='bbox 285 2787 494 2848; x_wconf 87' lang='lat' dir='ltr'><strong>Praetulerim</strong></span> <span class='ocrx_word' id='word_1_119' title='bbox 510 2787 646 2865; x_wconf 86' lang='lat' dir='ltr'><strong>scriptor</strong></span> <span class='ocrx_word' id='word_1_120' title='bbox 659 2786 778 2847; x_wconf 89' lang='lat' dir='ltr'><strong>delirus</strong></span> <span class='ocrx_word' id='word_1_121' title='bbox 793 2786 938 2865; x_wconf 90' lang='lat' dir='ltr'><strong>inersque</strong></span> <span class='ocrx_word' id='word_1_122' title='bbox 954 2787 1064 2863; x_wconf 86' lang='lat' dir='ltr'><strong>videri,</strong></span> 
     </span>
     <span class='ocr_line' id='line_1_23' title="bbox 244 2882 1107 2963; baseline 0.002 -20"><span class='ocrx_word' id='word_1_123' title='bbox 244 2884 330 2944; x_wconf 90' lang='lat' dir='ltr'><strong>Dum</strong></span> <span class='ocrx_word' id='word_1_124' title='bbox 344 2901 415 2944; x_wconf 90' lang='lat' dir='ltr'><strong>mea</strong></span> <span class='ocrx_word' id='word_1_125' title='bbox 428 2883 587 2943; x_wconf 88' lang='lat' dir='ltr'><strong>delectent</strong></span> <span class='ocrx_word' id='word_1_126' title='bbox 601 2883 686 2944; x_wconf 87' lang='lat' dir='ltr'><strong>mala</strong></span> <span class='ocrx_word' id='word_1_127' title='bbox 700 2901 749 2943; x_wconf 92' lang='lat' dir='ltr'><strong>me</strong></span> <span class='ocrx_word' id='word_1_128' title='bbox 764 2882 815 2943; x_wconf 87' lang='lat' dir='ltr'><strong>vel</strong></span> <span class='ocrx_word' id='word_1_129' title='bbox 830 2883 966 2963; x_wconf 89' lang='lat' dir='ltr'><strong>denique</strong></span> <span class='ocrx_word' id='word_1_130' title='bbox 981 2883 1107 2961; x_wconf 82' lang='lat' dir='ltr'><strong>fallant,</strong></span> 
     </span>
    </p>

    <p class='ocr_par' dir='ltr' id='par_1_10' title="bbox 244 2980 1144 3155">
     <span class='ocr_line' id='line_1_24' title="bbox 244 2980 1144 3060; baseline 0.002 -19"><span class='ocrx_word' id='word_1_131' title='bbox 244 2981 343 3053; x_wconf 84' lang='lat' dir='ltr'><strong>Quam</strong></span> <span class='ocrx_word' id='word_1_132' title='bbox 359 2999 467 3059; x_wconf 91' lang='lat' dir='ltr'><strong>sapere</strong></span> <span class='ocrx_word' id='word_1_133' title='bbox 482 2980 640 3058; x_wconf 85' lang='lat' dir='ltr'><strong>stringi?</strong></span> <span class='ocrx_word' id='word_1_134' title='bbox 682 2980 758 3041; x_wconf 82' lang='lat' dir='ltr'><strong>Fuit</strong></span> <span class='ocrx_word' id='word_1_135' title='bbox 772 2980 857 3041; x_wconf 89' lang='lat' dir='ltr'><strong>haud</strong></span> <span class='ocrx_word' id='word_1_136' title='bbox 872 2981 1022 3058; x_wconf 85' lang='lat' dir='ltr'><strong>ignobilis</strong></span> <span class='ocrx_word' id='word_1_137' title='bbox 1037 2982 1144 3060; x_wconf 78' lang='lat' dir='ltr'><strong>Argis,</strong></span> 
     </span>
     <span class='ocr_line' id='line_1_25' title="bbox 244 3077 928 3155; baseline 0.003 -18"><span class='ocrx_word' id='word_1_138' title='bbox 244 3077 305 3148; x_wconf 88' lang='lat' dir='ltr'><strong>Qui</strong></span> <span class='ocrx_word' id='word_1_139' title='bbox 319 3096 353 3139; x_wconf 92' lang='lat' dir='ltr'><strong>se</strong></span> <span class='ocrx_word' id='word_1_140' title='bbox 366 3078 514 3139; x_wconf 87' lang='lat' dir='ltr'><strong>credebat</strong></span> <span class='ocrx_word' id='word_1_141' title='bbox 528 3078 625 3139; x_wconf 90' lang='lat' dir='ltr'><strong>miros</strong></span> <span class='ocrx_word' id='word_1_142' title='bbox 640 3077 749 3139; x_wconf 89' lang='lat' dir='ltr'><strong>audire</strong></span> <span class='ocrx_word' id='word_1_143' title='bbox 763 3078 928 3155; x_wconf 83' lang='lat' dir='ltr'><strong>tragoedos</strong></span> 
     </span>
    </p>

    <p class='ocr_par' dir='ltr' id='par_1_11' title="bbox 243 3174 984 3350">
     <span class='ocr_line' id='line_1_26' title="bbox 244 3174 984 3254; baseline -0.001 -19"><span class='ocrx_word' id='word_1_144' title='bbox 244 3174 284 3235; x_wconf 90' lang='lat' dir='ltr'><strong>In</strong></span> <span class='ocrx_word' id='word_1_145' title='bbox 298 3193 398 3235; x_wconf 89' lang='lat' dir='ltr'><strong>vacuo</strong></span> <span class='ocrx_word' id='word_1_146' title='bbox 411 3175 514 3236; x_wconf 89' lang='lat' dir='ltr'><strong>laetus</strong></span> <span class='ocrx_word' id='word_1_147' title='bbox 529 3192 632 3235; x_wconf 89' lang='lat' dir='ltr'><strong>sessor</strong></span> <span class='ocrx_word' id='word_1_148' title='bbox 646 3174 836 3254; x_wconf 83' lang='lat' dir='ltr'><strong>plausorque</strong></span> <span class='ocrx_word' id='word_1_149' title='bbox 850 3174 984 3251; x_wconf 87' lang='lat' dir='ltr'><strong>theatro,</strong></span> 
     </span>
     <span class='ocr_line' id='line_1_27' title="bbox 243 3270 899 3350; baseline -0.002 -17"><span class='ocrx_word' id='word_1_150' title='bbox 243 3270 356 3333; x_wconf 89' lang='lat' dir='ltr'><strong>Cetera</strong></span> <span class='ocrx_word' id='word_1_151' title='bbox 368 3272 423 3350; x_wconf 92' lang='lat' dir='ltr'><strong>qui</strong></span> <span class='ocrx_word' id='word_1_152' title='bbox 438 3272 523 3333; x_wconf 86' lang='lat' dir='ltr'><strong>vitae</strong></span> <span class='ocrx_word' id='word_1_153' title='bbox 537 3278 679 3333; x_wconf 87' lang='lat' dir='ltr'><strong>servaret</strong></span> <span class='ocrx_word' id='word_1_154' title='bbox 692 3272 801 3333; x_wconf 90' lang='lat' dir='ltr'><strong>munia</strong></span> <span class='ocrx_word' id='word_1_155' title='bbox 814 3278 899 3332; x_wconf 86' lang='lat' dir='ltr'><strong>recto</strong></span> 
     </span>
    </p>

    <p class='ocr_par' dir='ltr' id='par_1_12' title="bbox 242 3368 1031 3641">
     <span class='ocr_line' id='line_1_28' title="bbox 243 3368 997 3448; baseline 0.003 -20"><span class='ocrx_word' id='word_1_156' title='bbox 243 3368 342 3439; x_wconf 88' lang='lat' dir='ltr'><strong>More,</strong></span> <span class='ocrx_word' id='word_1_157' title='bbox 356 3368 458 3430; x_wconf 89' lang='lat' dir='ltr'><strong>bonus</strong></span> <span class='ocrx_word' id='word_1_158' title='bbox 472 3387 547 3430; x_wconf 85' lang='lat' dir='ltr'><strong>sane</strong></span> <span class='ocrx_word' id='word_1_159' title='bbox 562 3369 695 3445; x_wconf 85' lang='lat' dir='ltr'><strong>vicinus,</strong></span> <span class='ocrx_word' id='word_1_160' title='bbox 710 3368 857 3431; x_wconf 92' lang='lat' dir='ltr'><strong>amabilis</strong></span> <span class='ocrx_word' id='word_1_161' title='bbox 870 3369 997 3448; x_wconf 89' lang='lat' dir='ltr'><strong>hospes,</strong></span> 
     </span>
     <span class='ocr_line' id='line_1_29' title="bbox 243 3465 1031 3546; baseline 0.003 -20"><span class='ocrx_word' id='word_1_162' title='bbox 243 3465 348 3527; x_wconf 88' lang='lat' dir='ltr'><strong>Cernis</strong></span> <span class='ocrx_word' id='word_1_163' title='bbox 363 3465 396 3526; x_wconf 92' lang='lat' dir='ltr'><strong>in</strong></span> <span class='ocrx_word' id='word_1_164' title='bbox 410 3484 549 3542; x_wconf 86' lang='lat' dir='ltr'><strong>uxorem,</strong></span> <span class='ocrx_word' id='word_1_165' title='bbox 564 3474 672 3546; x_wconf 91' lang='lat' dir='ltr'><strong>posset</strong></span> <span class='ocrx_word' id='word_1_166' title='bbox 686 3466 741 3544; x_wconf 92' lang='lat' dir='ltr'><strong>qui</strong></span> <span class='ocrx_word' id='word_1_167' title='bbox 756 3466 915 3543; x_wconf 83' lang='lat' dir='ltr'><strong>ignoscere</strong></span> <span class='ocrx_word' id='word_1_168' title='bbox 930 3467 1031 3529; x_wconf 85' lang='lat' dir='ltr'><strong>servis</strong></span> 
     </span>
     <span class='ocr_line' id='line_1_30' title="bbox 242 3561 890 3641; baseline 0.006 -20"><span class='ocrx_word' id='word_1_169' title='bbox 242 3561 285 3622; x_wconf 91' lang='lat' dir='ltr'><strong>Et</strong></span> <span class='ocrx_word' id='word_1_170' title='bbox 299 3562 390 3640; x_wconf 91' lang='lat' dir='ltr'><strong>signo</strong></span> <span class='ocrx_word' id='word_1_171' title='bbox 403 3561 489 3623; x_wconf 90' lang='lat' dir='ltr'><strong>laeso</strong></span> <span class='ocrx_word' id='word_1_172' title='bbox 503 3582 566 3623; x_wconf 95' lang='lat' dir='ltr'><strong>non</strong></span> <span class='ocrx_word' id='word_1_173' title='bbox 580 3563 719 3624; x_wconf 85' lang='lat' dir='ltr'><strong>insanire</strong></span> <span class='ocrx_word' id='word_1_174' title='bbox 734 3563 890 3641; x_wconf 87' lang='lat' dir='ltr'><strong>lagoenae,</strong></span> 
     </span>
    </p>

    <p class='ocr_par' dir='ltr' id='par_1_13' title="bbox 241 3658 1037 3934">
     <span class='ocr_line' id='line_1_31' title="bbox 241 3658 1037 3740; baseline 0.006 -22"><span class='ocrx_word' id='word_1_175' title='bbox 241 3658 355 3720; x_wconf 85' lang='lat' dir='ltr'><strong>Posset</strong></span> <span class='ocrx_word' id='word_1_176' title='bbox 368 3660 423 3738; x_wconf 92' lang='lat' dir='ltr'><strong>qui</strong></span> <span class='ocrx_word' id='word_1_177' title='bbox 438 3678 547 3738; x_wconf 89' lang='lat' dir='ltr'><strong>rupem</strong></span> <span class='ocrx_word' id='word_1_178' title='bbox 561 3667 594 3722; x_wconf 92' lang='lat' dir='ltr'><strong>et</strong></span> <span class='ocrx_word' id='word_1_179' title='bbox 607 3667 735 3739; x_wconf 90' lang='lat' dir='ltr'><strong>puteum</strong></span> <span class='ocrx_word' id='word_1_180' title='bbox 752 3661 853 3721; x_wconf 88' lang='lat' dir='ltr'><strong>vitare</strong></span> <span class='ocrx_word' id='word_1_181' title='bbox 867 3667 1037 3740; x_wconf 88' lang='lat' dir='ltr'><strong>patentem.</strong></span> 
     </span>
     <span class='ocr_line' id='line_1_32' title="bbox 242 3754 1032 3837; baseline 0.009 -23"><span class='ocrx_word' id='word_1_182' title='bbox 242 3754 305 3816; x_wconf 90' lang='lat' dir='ltr'><strong>Hie</strong></span> <span class='ocrx_word' id='word_1_183' title='bbox 320 3756 373 3816; x_wconf 93' lang='lat' dir='ltr'><strong>ubi</strong></span> <span class='ocrx_word' id='word_1_184' title='bbox 388 3763 591 3833; x_wconf 86' lang='lat' dir='ltr'><strong>cognatorum</strong></span> <span class='ocrx_word' id='word_1_185' title='bbox 606 3757 719 3836; x_wconf 90' lang='lat' dir='ltr'><strong>opibus</strong></span> <span class='ocrx_word' id='word_1_186' title='bbox 733 3758 878 3837; x_wconf 89' lang='lat' dir='ltr'><strong>curisque</strong></span> <span class='ocrx_word' id='word_1_187' title='bbox 893 3759 1032 3821; x_wconf 85' lang='lat' dir='ltr'><strong>refectus</strong></span> 
     </span>
     <span class='ocr_line' id='line_1_33' title="bbox 241 3852 1003 3934; baseline 0.009 -23"><span class='ocrx_word' id='word_1_188' title='bbox 241 3852 375 3931; x_wconf 83' lang='lat' dir='ltr'><strong>Expulit</strong></span> <span class='ocrx_word' id='word_1_189' title='bbox 389 3852 526 3915; x_wconf 91' lang='lat' dir='ltr'><strong>elleboro</strong></span> <span class='ocrx_word' id='word_1_190' title='bbox 540 3856 684 3916; x_wconf 90' lang='lat' dir='ltr'><strong>morbum</strong></span> <span class='ocrx_word' id='word_1_191' title='bbox 698 3854 856 3934; x_wconf 93' lang='lat' dir='ltr'><strong>bilemque</strong></span> <span class='ocrx_word' id='word_1_192' title='bbox 870 3875 1003 3932; x_wconf 91' lang='lat' dir='ltr'><strong>meraco,</strong></span> 
     </span>
    </p>

    <p class='ocr_par' dir='ltr' id='par_1_14' title="bbox 241 3949 985 4030">
     <span class='ocr_line' id='line_1_34' title="bbox 241 3949 985 4030; baseline 0.004 -21"><span class='ocrx_word' id='word_1_193' title='bbox 241 3949 284 4009; x_wconf 85' lang='lat' dir='ltr'><strong>Et</strong></span> <span class='ocrx_word' id='word_1_194' title='bbox 297 3949 381 4010; x_wconf 89' lang='lat' dir='ltr'><strong>redit</strong></span> <span class='ocrx_word' id='word_1_195' title='bbox 394 3951 435 4011; x_wconf 87' lang='lat' dir='ltr'><strong>ad</strong></span> <span class='ocrx_word' id='word_1_196' title='bbox 449 3969 517 4012; x_wconf 86' lang='lat' dir='ltr'><strong>sese</strong></span> <span class='ocrx_word' id='word_1_197' title='bbox 532 3952 616 4027; x_wconf 70' lang='grc' dir='ltr'><strong>ίΡοΙ,</strong></span> <span class='ocrx_word' id='word_1_198' title='bbox 633 3972 682 4013; x_wconf 90' lang='lat' dir='ltr'><strong>me</strong></span> <span class='ocrx_word' id='word_1_199' title='bbox 696 3953 865 4028; x_wconf 91' lang='lat' dir='ltr'><strong>occidistis,</strong></span> <span class='ocrx_word' id='word_1_200' title='bbox 880 3954 985 4030; x_wconf 88' lang='lat' dir='ltr'><strong>amici,</strong></span> 
     </span>
    </p>

    <p class='ocr_par' dir='ltr' id='par_1_15' title="bbox 240 4045 1060 4226">
     <span class='ocr_line' id='line_1_35' title="bbox 240 4045 1009 4130; baseline 0.009 -25"><span class='ocrx_word' id='word_1_201' title='bbox 240 4045 272 4105; x_wconf 88' lang='lat' dir='ltr'>N</span> <span class='ocrx_word' id='word_1_202' title='bbox 273 4064 314 4106; x_wconf 92' lang='lat' dir='ltr'><strong>on</strong></span> <span class='ocrx_word' id='word_1_203' title='bbox 328 4048 493 4109; x_wconf 86' lang='lat' dir='ltr'><strong>servastis&#39;</strong></span> <span class='ocrx_word' id='word_1_204' title='bbox 509 4049 564 4123; x_wconf 87' lang='lat' dir='ltr'><strong>ait,</strong></span> <span class='ocrx_word' id='word_1_205' title='bbox 580 4050 648 4110; x_wconf 86' lang='lat' dir='ltr'><strong>‘cui</strong></span> <span class='ocrx_word' id='word_1_206' title='bbox 663 4050 709 4111; x_wconf 91' lang='lat' dir='ltr'><strong>sie</strong></span> <span class='ocrx_word' id='word_1_207' title='bbox 723 4057 847 4111; x_wconf 83' lang='lat' dir='ltr'><strong>extorta</strong></span> <span class='ocrx_word' id='word_1_208' title='bbox 861 4050 1009 4130; x_wconf 86' lang='lat' dir='ltr'><strong>voluptas</strong></span> 
     </span>
     <span class='ocr_line' id='line_1_36' title="bbox 240 4142 1060 4226; baseline 0.012 -25"><span class='ocrx_word' id='word_1_209' title='bbox 240 4142 283 4203; x_wconf 85' lang='lat' dir='ltr'><strong>Et</strong></span> <span class='ocrx_word' id='word_1_210' title='bbox 297 4142 444 4223; x_wconf 89' lang='lat' dir='ltr'><strong>demptus</strong></span> <span class='ocrx_word' id='word_1_211' title='bbox 458 4145 593 4224; x_wconf 85' lang='lat' dir='ltr'><strong>pervim</strong></span> <span class='ocrx_word' id='word_1_212' title='bbox 608 4147 724 4208; x_wconf 91' lang='lat' dir='ltr'><strong>mentis</strong></span> <span class='ocrx_word' id='word_1_213' title='bbox 738 4148 939 4226; x_wconf 88' lang='lat' dir='ltr'><strong>gratissimus</strong></span> <span class='ocrx_word' id='word_1_214' title='bbox 953 4150 1060 4211; x_wconf 71' lang='lat' dir='ltr'><strong>error!</strong></span> 
     </span>
    </p>
   </div>
   <div class='ocr_carea' id='block_1_4' title="bbox 0 0 1800 5067">
    <p class='ocr_par' dir='ltr' id='par_1_16' title="bbox 0 0 1800 5067">
     <span class='ocr_line' id='line_1_37' title="bbox 0 0 1800 5067; baseline 0 7"><span class='ocrx_word' id='word_1_215' title='bbox 0 0 1800 5067; x_wconf 95' lang='lat' dir='ltr'><strong> </strong></span> 
     </span>
    </p>
   </div>
  </div>
 </body>
</html>
