<?xml version="1.0" encoding="UTF-8"?>
<!DOCTYPE html PUBLIC "-//W3C//DTD XHTML 1.0 Transitional//EN"
    "http://www.w3.org/TR/xhtml1/DTD/xhtml1-transitional.dtd">
<html xmlns="http://www.w3.org/1999/xhtml" xml:lang="en" lang="en">
 <head>
  <title>
</title>
<meta http-equiv="Content-Type" content="text/html;charset=utf-8" />
  <meta name='ocr-system' content='tesseract 3.04.00' />
  <meta name='ocr-capabilities' content='ocr_page ocr_carea ocr_par ocr_line ocrx_word'/>
</head>
<body>
  <div class='ocr_page' id='page_1' title='image "./qhoratiflaccise00rolfgoog_0065.png"; bbox 0 0 3592 5067; ppageno 0'>
   <div class='ocr_carea' id='block_1_1' title="bbox 382 964 992 1031">
    <p class='ocr_par' dir='ltr' id='par_1_1' title="bbox 382 964 992 1031">
     <span class='ocr_line' id='line_1_1' title="bbox 382 964 992 1031; baseline 0.003 -17"><span class='ocrx_word' id='word_1_1' title='bbox 382 965 435 1031; x_wconf 85' lang='lat' dir='ltr'><strong>u]</strong></span> <span class='ocrx_word' id='word_1_2' title='bbox 835 964 948 1016; x_wconf 77' lang='lat' dir='ltr'><strong>usur</strong></span> <span class='ocrx_word' id='word_1_3' title='bbox 972 967 992 1016; x_wconf 89' lang='lat'><strong>1.</strong></span> 
     </span>
    </p>
   </div>
   <div class='ocr_carea' id='block_1_2' title="bbox 382 1112 1132 1209">
    <p class='ocr_par' dir='ltr' id='par_1_2' title="bbox 382 1112 1132 1209">
     <span class='ocr_line' id='line_1_2' title="bbox 382 1112 1132 1209; baseline -0.001 -14"><span class='ocrx_word' id='word_1_4' title='bbox 382 1136 481 1196; x_wconf 67' lang='lat' dir='ltr'><strong>‘uam</strong></span> <span class='ocrx_word' id='word_1_5' title='bbox 498 1112 592 1197; x_wconf 68' lang='lat' dir='ltr'><strong>simu</strong></span> <span class='ocrx_word' id='word_1_6' title='bbox 609 1154 645 1196; x_wconf 73' lang='lat' dir='ltr'><strong>ao</strong></span> <span class='ocrx_word' id='word_1_7' title='bbox 659 1153 755 1197; x_wconf 76' lang='lat' dir='ltr'><strong>venas</strong></span> <span class='ocrx_word' id='word_1_8' title='bbox 769 1137 895 1198; x_wconf 73' lang='lat' dir='ltr'><strong>inflavit</strong></span> <span class='ocrx_word' id='word_1_9' title='bbox 909 1143 1012 1197; x_wconf 68' lang='lat' dir='ltr'><strong>taetra</strong></span> <span class='ocrx_word' id='word_1_10' title='bbox 1025 1134 1132 1209; x_wconf 76' lang='lat' dir='ltr'><strong>ubido,</strong></span> 
     </span>
    </p>
   </div>
   <div class='ocr_carea' id='block_1_3' title="bbox 356 1233 1432 4417">
    <p class='ocr_par' dir='ltr' id='par_1_3' title="bbox 356 1233 1432 4417">
     <span class='ocr_line' id='line_1_3' title="bbox 381 1233 1235 1310; baseline 0.005 -18"><span class='ocrx_word' id='word_1_11' title='bbox 381 1234 454 1293; x_wconf 89' lang='lat' dir='ltr'><strong>Huc</strong></span> <span class='ocrx_word' id='word_1_12' title='bbox 468 1233 598 1294; x_wconf 88' lang='lat' dir='ltr'><strong>iuvenes</strong></span> <span class='ocrx_word' id='word_1_13' title='bbox 613 1251 747 1309; x_wconf 86' lang='lat' dir='ltr'><strong>aequum</strong></span> <span class='ocrx_word' id='word_1_14' title='bbox 763 1241 812 1294; x_wconf 92' lang='lat' dir='ltr'><strong>est</strong></span> <span class='ocrx_word' id='word_1_15' title='bbox 826 1235 1023 1310; x_wconf 83' lang='lat' dir='ltr'><strong>descendere,</strong></span> <span class='ocrx_word' id='word_1_16' title='bbox 1038 1253 1099 1293; x_wconf 92' lang='lat' dir='ltr'><strong>non</strong></span> <span class='ocrx_word' id='word_1_17' title='bbox 1115 1233 1235 1296; x_wconf 86' lang='lat' dir='ltr'><strong>alienas</strong></span> 
     </span>
     <span class='ocr_line' id='line_1_4' title="bbox 379 1331 1185 1409; baseline 0 -18"><span class='ocrx_word' id='word_1_18' title='bbox 379 1331 559 1391; x_wconf 88' lang='lat' dir='ltr'><strong>Permolere</strong></span> <span class='ocrx_word' id='word_1_19' title='bbox 574 1331 706 1391; x_wconf 69' lang='lat' dir='ltr'><strong>uxores!</strong></span> <span class='ocrx_word' id='word_1_20' title='bbox 750 1332 873 1391; x_wconf 88' lang='lat' dir='ltr'>‘Nolim</span> <span class='ocrx_word' id='word_1_21' title='bbox 890 1333 1064 1393; x_wconf 88' lang='lat' dir='ltr'><strong>laudarier&#39;</strong></span> <span class='ocrx_word' id='word_1_22' title='bbox 1079 1332 1185 1409; x_wconf 89' lang='lat' dir='ltr'><strong>inquit</strong></span> 
     </span>
     <span class='ocr_line' id='line_1_5' title="bbox 380 1426 1128 1506; baseline 0.001 -18"><span class='ocrx_word' id='word_1_23' title='bbox 380 1428 449 1488; x_wconf 86' lang='lat' dir='ltr'><strong>‘Sic</strong></span> <span class='ocrx_word' id='word_1_24' title='bbox 464 1429 532 1488; x_wconf 88' lang='lat' dir='ltr'><strong>mc&#39;</strong></span> <span class='ocrx_word' id='word_1_25' title='bbox 547 1431 677 1487; x_wconf 89' lang='lat' dir='ltr'><strong>mirator</strong></span> <span class='ocrx_word' id='word_1_26' title='bbox 691 1430 787 1488; x_wconf 88' lang='lat' dir='ltr'><strong>cunni</strong></span> <span class='ocrx_word' id='word_1_27' title='bbox 803 1428 998 1506; x_wconf 89' lang='lat' dir='ltr'><strong>Cupiennius</strong></span> <span class='ocrx_word' id='word_1_28' title='bbox 1012 1431 1085 1491; x_wconf 89' lang='lat' dir='ltr'><strong>albi.</strong></span> <span class='ocrx_word' id='word_1_29' title='bbox 1126 1426 1128 1431; x_wconf 73' lang='grc'><strong>’</strong></span> 
     </span>
     <span class='ocr_line' id='line_1_6' title="bbox 418 1526 1172 1604; baseline 0.004 -20"><span class='ocrx_word' id='word_1_30' title='bbox 418 1526 538 1585; x_wconf 87' lang='lat' dir='ltr'><strong>Audire</strong></span> <span class='ocrx_word' id='word_1_31' title='bbox 554 1532 603 1585; x_wconf 89' lang='lat' dir='ltr'><strong>est</strong></span> <span class='ocrx_word' id='word_1_32' title='bbox 617 1543 730 1603; x_wconf 77' lang='lat' dir='ltr'><strong>operae</strong></span> <span class='ocrx_word' id='word_1_33' title='bbox 745 1526 891 1603; x_wconf 90' lang='lat' dir='ltr'><strong>pretium,</strong></span> <span class='ocrx_word' id='word_1_34' title='bbox 909 1529 1074 1604; x_wconf 79' lang='lat' dir='ltr'><strong>procedere</strong></span> <span class='ocrx_word' id='word_1_35' title='bbox 1089 1533 1172 1587; x_wconf 85' lang='lat' dir='ltr'><strong>recte</strong></span> 
     </span>
     <span class='ocr_line' id='line_1_7' title="bbox 377 1623 1220 1703; baseline 0.001 -19"><span class='ocrx_word' id='word_1_36' title='bbox 377 1623 435 1695; x_wconf 85' lang='lat' dir='ltr'><strong>Qui</strong></span> <span class='ocrx_word' id='word_1_37' title='bbox 451 1624 597 1684; x_wconf 90' lang='lat' dir='ltr'><strong>moechos</strong></span> <span class='ocrx_word' id='word_1_38' title='bbox 611 1641 673 1682; x_wconf 90' lang='lat' dir='ltr'><strong>non</strong></span> <span class='ocrx_word' id='word_1_39' title='bbox 691 1624 794 1697; x_wconf 86' lang='lat' dir='ltr'><strong>voltis,</strong></span> <span class='ocrx_word' id='word_1_40' title='bbox 811 1632 848 1685; x_wconf 89' lang='lat' dir='ltr'><strong>ut</strong></span> <span class='ocrx_word' id='word_1_41' title='bbox 862 1625 947 1683; x_wconf 90' lang='lat' dir='ltr'><strong>omni</strong></span> <span class='ocrx_word' id='word_1_42' title='bbox 964 1636 1051 1703; x_wconf 81' lang='lat' dir='ltr'><strong>parte</strong></span> <span class='ocrx_word' id='word_1_43' title='bbox 1067 1626 1220 1701; x_wconf 89' lang='lat' dir='ltr'><strong>laborent,</strong></span> 
     </span>
     <span class='ocr_line' id='line_1_8' title="bbox 377 1721 1138 1801; baseline 0 -18"><span class='ocrx_word' id='word_1_44' title='bbox 377 1722 486 1799; x_wconf 91' lang='lat' dir='ltr'><strong>thue</strong></span> <span class='ocrx_word' id='word_1_45' title='bbox 501 1721 568 1781; x_wconf 90' lang='lat' dir='ltr'><strong>illis</strong></span> <span class='ocrx_word' id='word_1_46' title='bbox 584 1721 684 1781; x_wconf 86' lang='lat' dir='ltr'><strong>multo</strong></span> <span class='ocrx_word' id='word_1_47' title='bbox 698 1728 848 1799; x_wconf 86' lang='lat' dir='ltr'><strong>corrupta</strong></span> <span class='ocrx_word' id='word_1_48' title='bbox 861 1721 967 1783; x_wconf 91' lang='lat' dir='ltr'><strong>dolore</strong></span> <span class='ocrx_word' id='word_1_49' title='bbox 983 1723 1138 1801; x_wconf 86' lang='lat' dir='ltr'><strong>voluptas,</strong></span> 
     </span>
     <span class='ocr_line' id='line_1_9' title="bbox 376 1818 1218 1898; baseline 0.002 -20"><span class='ocrx_word' id='word_1_50' title='bbox 376 1820 483 1896; x_wconf 83' lang='lat' dir='ltr'><strong>Atque</strong></span> <span class='ocrx_word' id='word_1_51' title='bbox 499 1819 575 1878; x_wconf 88' lang='lat' dir='ltr'><strong>haec</strong></span> <span class='ocrx_word' id='word_1_52' title='bbox 591 1838 669 1893; x_wconf 86' lang='lat' dir='ltr'><strong>rara,</strong></span> <span class='ocrx_word' id='word_1_53' title='bbox 685 1819 778 1877; x_wconf 87' lang='lat' dir='ltr'><strong>cadat</strong></span> <span class='ocrx_word' id='word_1_54' title='bbox 792 1819 872 1879; x_wconf 93' lang='lat' dir='ltr'><strong>dura</strong></span> <span class='ocrx_word' id='word_1_55' title='bbox 887 1818 970 1878; x_wconf 88' lang='lat' dir='ltr'><strong>inter</strong></span> <span class='ocrx_word' id='word_1_56' title='bbox 984 1838 1076 1898; x_wconf 84' lang='lat' dir='ltr'><strong>saepe</strong></span> <span class='ocrx_word' id='word_1_57' title='bbox 1092 1819 1218 1897; x_wconf 89' lang='lat' dir='ltr'><strong>pericla</strong></span> 
     </span>
     <span class='ocr_line' id='line_1_10' title="bbox 377 1915 1141 1994; baseline 0.005 -20"><span class='ocrx_word' id='word_1_58' title='bbox 377 1915 440 1975; x_wconf 87' lang='lat' dir='ltr'><strong>Hic</strong></span> <span class='ocrx_word' id='word_1_59' title='bbox 455 1934 488 1976; x_wconf 92' lang='lat' dir='ltr'><strong>se</strong></span> <span class='ocrx_word' id='word_1_60' title='bbox 504 1916 708 1994; x_wconf 85' lang='lat' dir='ltr'><strong>praecipitem</strong></span> <span class='ocrx_word' id='word_1_61' title='bbox 725 1923 809 1975; x_wconf 88' lang='lat' dir='ltr'><strong>tecto</strong></span> <span class='ocrx_word' id='word_1_62' title='bbox 824 1917 921 1990; x_wconf 80' lang='lat' dir='ltr'><strong>dedit,</strong></span> <span class='ocrx_word' id='word_1_63' title='bbox 936 1917 991 1977; x_wconf 92' lang='lat' dir='ltr'><strong>ille</strong></span> <span class='ocrx_word' id='word_1_64' title='bbox 1007 1917 1141 1994; x_wconf 86' lang='lat' dir='ltr'><strong>flagellis</strong></span> 
     </span>
     <span class='ocr_line' id='line_1_11' title="bbox 375 2013 1170 2090; baseline 0.001 -19"><span class='ocrx_word' id='word_1_65' title='bbox 375 2014 426 2072; x_wconf 86' lang='lat' dir='ltr'><strong>Ad</strong></span> <span class='ocrx_word' id='word_1_66' title='bbox 442 2022 573 2073; x_wconf 88' lang='lat' dir='ltr'><strong>mortem</strong></span> <span class='ocrx_word' id='word_1_67' title='bbox 590 2031 709 2087; x_wconf 90' lang='lat' dir='ltr'><strong>caesus,</strong></span> <span class='ocrx_word' id='word_1_68' title='bbox 726 2014 853 2090; x_wconf 82' lang='lat' dir='ltr'><strong>fugiens</strong></span> <span class='ocrx_word' id='word_1_69' title='bbox 868 2015 920 2073; x_wconf 93' lang='lat' dir='ltr'><strong>hic</strong></span> <span class='ocrx_word' id='word_1_70' title='bbox 936 2013 1054 2074; x_wconf 80' lang='lat' dir='ltr'><strong>decidit</strong></span> <span class='ocrx_word' id='word_1_71' title='bbox 1068 2031 1170 2073; x_wconf 87' lang='lat' dir='ltr'><strong>acrem</strong></span> 
     </span>
     <span class='ocr_line' id='line_1_12' title="bbox 376 2110 1330 2190; baseline 0.003 -21"><span class='ocrx_word' id='word_1_72' title='bbox 376 2110 575 2170; x_wconf 90' lang='lat' dir='ltr'><strong>Praedonum</strong></span> <span class='ocrx_word' id='word_1_73' title='bbox 591 2111 623 2168; x_wconf 91' lang='lat' dir='ltr'><strong>in</strong></span> <span class='ocrx_word' id='word_1_74' title='bbox 640 2111 774 2185; x_wconf 89' lang='lat' dir='ltr'><strong>turbam,</strong></span> <span class='ocrx_word' id='word_1_75' title='bbox 791 2111 881 2171; x_wconf 86' lang='lat' dir='ltr'><strong>dedit</strong></span> <span class='ocrx_word' id='word_1_76' title='bbox 896 2112 947 2171; x_wconf 90' lang='lat' dir='ltr'><strong>hic</strong></span> <span class='ocrx_word' id='word_1_77' title='bbox 963 2131 1019 2190; x_wconf 91' lang='lat' dir='ltr'><strong>pro</strong></span> <span class='ocrx_word' id='word_1_78' title='bbox 1033 2130 1161 2188; x_wconf 90' lang='lat' dir='ltr'><strong>corpore</strong></span> <span class='ocrx_word' id='word_1_79' title='bbox 1176 2130 1330 2187; x_wconf 87' lang='lat' dir='ltr'><strong>nummos,</strong></span> 
     </span>
     <span class='ocr_line' id='line_1_13' title="bbox 375 2207 1190 2286; baseline 0.002 -20"><span class='ocrx_word' id='word_1_80' title='bbox 375 2207 470 2267; x_wconf 89' lang='lat' dir='ltr'><strong>Hunc</strong></span> <span class='ocrx_word' id='word_1_81' title='bbox 485 2209 725 2286; x_wconf 84' lang='lat' dir='ltr'><strong>perminxerunt</strong></span> <span class='ocrx_word' id='word_1_82' title='bbox 739 2208 882 2284; x_wconf 82' lang='lat' dir='ltr'><strong>calones3</strong></span> <span class='ocrx_word' id='word_1_83' title='bbox 906 2210 1093 2286; x_wconf 83' lang='lat' dir='ltr'><strong>quinetiam</strong></span> <span class='ocrx_word' id='word_1_84' title='bbox 1110 2209 1190 2268; x_wconf 91' lang='lat' dir='ltr'><strong>illud</strong></span> 
     </span>
     <span class='ocr_line' id='line_1_14' title="bbox 374 2305 1168 2383; baseline 0.001 -20"><span class='ocrx_word' id='word_1_85' title='bbox 374 2305 509 2379; x_wconf 86' lang='lat' dir='ltr'><strong>Accidit,</strong></span> <span class='ocrx_word' id='word_1_86' title='bbox 525 2313 562 2365; x_wconf 95' lang='lat' dir='ltr'><strong>ut</strong></span> <span class='ocrx_word' id='word_1_87' title='bbox 576 2306 701 2365; x_wconf 87' lang='lat' dir='ltr'><strong>cuidam</strong></span> <span class='ocrx_word' id='word_1_88' title='bbox 718 2307 809 2367; x_wconf 88' lang='lat' dir='ltr'><strong>testis</strong></span> <span class='ocrx_word' id='word_1_89' title='bbox 825 2306 1019 2383; x_wconf 87' lang='lat' dir='ltr'><strong>caudamque</strong></span> <span class='ocrx_word' id='word_1_90' title='bbox 1034 2306 1168 2365; x_wconf 89' lang='lat' dir='ltr'><strong>salacem</strong></span> 
     </span>
     <span class='ocr_line' id='line_1_15' title="bbox 373 2401 1261 2479; baseline 0.002 -19"><span class='ocrx_word' id='word_1_91' title='bbox 373 2401 579 2462; x_wconf 88' lang='lat' dir='ltr'><strong>Demeterent</strong></span> <span class='ocrx_word' id='word_1_92' title='bbox 592 2404 685 2462; x_wconf 82' lang='lat' dir='ltr'><strong>ferro.</strong></span> <span class='ocrx_word' id='word_1_93' title='bbox 730 2404 837 2463; x_wconf 89' lang='lat' dir='ltr'><strong>‘Iure&#39;</strong></span> <span class='ocrx_word' id='word_1_94' title='bbox 853 2421 978 2478; x_wconf 75' lang='lat' dir='ltr'><strong>omnes,</strong></span> <span class='ocrx_word' id='word_1_95' title='bbox 1002 2402 1104 2464; x_wconf 83' lang='lat' dir='ltr'>Galba</span> <span class='ocrx_word' id='word_1_96' title='bbox 1118 2405 1261 2479; x_wconf 83' lang='lat' dir='ltr'><strong>negabat.</strong></span> 
     </span>
     <span class='ocr_line' id='line_1_16' title="bbox 413 2500 1197 2578; baseline 0.001 -20"><span class='ocrx_word' id='word_1_97' title='bbox 413 2500 525 2559; x_wconf 79' lang='lat' dir='ltr'><strong>Tutior</strong></span> <span class='ocrx_word' id='word_1_98' title='bbox 539 2508 573 2560; x_wconf 88' lang='lat' dir='ltr'><strong>at</strong></span> <span class='ocrx_word' id='word_1_99' title='bbox 587 2511 706 2578; x_wconf 89' lang='lat' dir='ltr'><strong>quanto</strong></span> <span class='ocrx_word' id='word_1_100' title='bbox 723 2520 810 2560; x_wconf 83' lang='lat' dir='ltr'><strong>merx</strong></span> <span class='ocrx_word' id='word_1_101' title='bbox 825 2508 875 2560; x_wconf 91' lang='lat' dir='ltr'><strong>est</strong></span> <span class='ocrx_word' id='word_1_102' title='bbox 890 2502 922 2558; x_wconf 92' lang='lat' dir='ltr'><strong>in</strong></span> <span class='ocrx_word' id='word_1_103' title='bbox 937 2501 1037 2561; x_wconf 86' lang='lat' dir='ltr'><strong>classe</strong></span> <span class='ocrx_word' id='word_1_104' title='bbox 1051 2501 1197 2576; x_wconf 89' lang='lat' dir='ltr'><strong>secunda,</strong></span> 
     </span>
     <span class='ocr_line' id='line_1_17' title="bbox 373 2595 1032 2675; baseline 0.008 -22"><span class='ocrx_word' id='word_1_105' title='bbox 373 2595 606 2656; x_wconf 88' lang='lat' dir='ltr'><strong>Libertinarum</strong></span> <span class='ocrx_word' id='word_1_106' title='bbox 622 2597 701 2670; x_wconf 90' lang='lat' dir='ltr'><strong>dico,</strong></span> <span class='ocrx_word' id='word_1_107' title='bbox 720 2598 890 2658; x_wconf 87' lang='lat' dir='ltr'><strong>Sallustius</strong></span> <span class='ocrx_word' id='word_1_108' title='bbox 907 2598 939 2655; x_wconf 94' lang='lat' dir='ltr'><strong>in</strong></span> <span class='ocrx_word' id='word_1_109' title='bbox 954 2617 1032 2675; x_wconf 89' lang='lat' dir='ltr'><strong>quas</strong></span> 
     </span>
     <span class='ocr_line' id='line_1_18' title="bbox 372 2692 1295 2771; baseline 0.002 -21"><span class='ocrx_word' id='word_1_110' title='bbox 372 2692 402 2750; x_wconf 89' lang='lat' dir='ltr'>N</span> <span class='ocrx_word' id='word_1_111' title='bbox 405 2712 444 2752; x_wconf 92' lang='lat' dir='ltr'><strong>on</strong></span> <span class='ocrx_word' id='word_1_112' title='bbox 461 2694 566 2752; x_wconf 89' lang='lat' dir='ltr'><strong>minus</strong></span> <span class='ocrx_word' id='word_1_113' title='bbox 581 2694 701 2752; x_wconf 87' lang='lat' dir='ltr'><strong>insanit</strong></span> <span class='ocrx_word' id='word_1_114' title='bbox 717 2711 812 2770; x_wconf 89' lang='lat' dir='ltr'><strong>quam</strong></span> <span class='ocrx_word' id='word_1_115' title='bbox 827 2695 882 2771; x_wconf 91' lang='lat' dir='ltr'><strong>qui</strong></span> <span class='ocrx_word' id='word_1_116' title='bbox 898 2695 1087 2753; x_wconf 90' lang='lat' dir='ltr'><strong>moechatur.</strong></span> <span class='ocrx_word' id='word_1_117' title='bbox 1130 2695 1177 2753; x_wconf 83' lang='lat' dir='ltr'><strong>At</strong></span> <span class='ocrx_word' id='word_1_118' title='bbox 1192 2694 1242 2753; x_wconf 88' lang='lat' dir='ltr'><strong>hic</strong></span> <span class='ocrx_word' id='word_1_119' title='bbox 1258 2695 1295 2769; x_wconf 90' lang='lat' dir='ltr'><strong>si,</strong></span> 
     </span>
     <span class='ocr_line' id='line_1_19' title="bbox 356 2787 1156 2867; baseline 0.003 -20"><span class='ocrx_word' id='word_1_120' title='bbox 356 2787 439 2858; x_wconf 81' lang='lat' dir='ltr'><strong>&#39;Qua</strong></span> <span class='ocrx_word' id='word_1_121' title='bbox 455 2806 513 2862; x_wconf 78' lang='lat' dir='ltr'><strong>reS,</strong></span> <span class='ocrx_word' id='word_1_122' title='bbox 529 2807 593 2865; x_wconf 89' lang='lat' dir='ltr'><strong>qua</strong></span> <span class='ocrx_word' id='word_1_123' title='bbox 608 2790 688 2848; x_wconf 88' lang='lat' dir='ltr'><strong>ratio</strong></span> <span class='ocrx_word' id='word_1_124' title='bbox 703 2791 859 2863; x_wconf 86' lang='lat' dir='ltr'><strong>suaderet,</strong></span> <span class='ocrx_word' id='word_1_125' title='bbox 874 2808 1000 2867; x_wconf 87' lang='lat' dir='ltr'><strong>quaque</strong></span> <span class='ocrx_word' id='word_1_126' title='bbox 1017 2790 1156 2849; x_wconf 88' lang='lat' dir='ltr'><strong>modeste</strong></span> 
     </span>
     <span class='ocr_line' id='line_1_20' title="bbox 372 2884 1214 2962; baseline 0.004 -19"><span class='ocrx_word' id='word_1_127' title='bbox 372 2884 523 2944; x_wconf 86' lang='lat' dir='ltr'><strong>Muniiico</strong></span> <span class='ocrx_word' id='word_1_128' title='bbox 539 2904 607 2945; x_wconf 91' lang='lat' dir='ltr'><strong>esse</strong></span> <span class='ocrx_word' id='word_1_129' title='bbox 622 2885 705 2959; x_wconf 87' lang='lat' dir='ltr'><strong>licet,</strong></span> <span class='ocrx_word' id='word_1_130' title='bbox 723 2886 820 2944; x_wconf 92' lang='lat' dir='ltr'><strong>vellet</strong></span> <span class='ocrx_word' id='word_1_131' title='bbox 835 2886 934 2945; x_wconf 90' lang='lat' dir='ltr'><strong>bonus</strong></span> <span class='ocrx_word' id='word_1_132' title='bbox 950 2895 1045 2962; x_wconf 90' lang='lat' dir='ltr'><strong>atque</strong></span> <span class='ocrx_word' id='word_1_133' title='bbox 1062 2888 1214 2960; x_wconf 85' lang='lat' dir='ltr'><strong>benignus</strong></span> 
     </span>
     <span class='ocr_line' id='line_1_21' title="bbox 371 2982 1215 3058; baseline 0.001 -17"><span class='ocrx_word' id='word_1_134' title='bbox 371 2982 458 3054; x_wconf 89' lang='lat' dir='ltr'><strong>Esse,</strong></span> <span class='ocrx_word' id='word_1_135' title='bbox 475 2983 565 3042; x_wconf 89' lang='lat' dir='ltr'><strong>daret</strong></span> <span class='ocrx_word' id='word_1_136' title='bbox 579 2989 732 3058; x_wconf 89' lang='lat' dir='ltr'><strong>quantum</strong></span> <span class='ocrx_word' id='word_1_137' title='bbox 749 2983 827 3041; x_wconf 86' lang='lat' dir='ltr'><strong>satis</strong></span> <span class='ocrx_word' id='word_1_138' title='bbox 843 2989 936 3053; x_wconf 90' lang='lat' dir='ltr'><strong>esset,</strong></span> <span class='ocrx_word' id='word_1_139' title='bbox 953 3001 1008 3041; x_wconf 89' lang='lat' dir='ltr'><strong>nec</strong></span> <span class='ocrx_word' id='word_1_140' title='bbox 1024 2984 1084 3041; x_wconf 87' lang='lat' dir='ltr'><strong>sibi</strong></span> <span class='ocrx_word' id='word_1_141' title='bbox 1099 2984 1215 3042; x_wconf 85' lang='lat' dir='ltr'><strong>damno</strong></span> 
     </span>
     <span class='ocr_line' id='line_1_22' title="bbox 370 3078 1282 3155; baseline 0.002 -19"><span class='ocrx_word' id='word_1_142' title='bbox 370 3078 585 3154; x_wconf 89' lang='lat' dir='ltr'><strong>Dedecorique</strong></span> <span class='ocrx_word' id='word_1_143' title='bbox 600 3078 691 3137; x_wconf 87' lang='lat' dir='ltr'><strong>foret.</strong></span> <span class='ocrx_word' id='word_1_144' title='bbox 737 3080 855 3138; x_wconf 89' lang='lat' dir='ltr'><strong>Verum</strong></span> <span class='ocrx_word' id='word_1_145' title='bbox 871 3078 930 3137; x_wconf 93' lang='lat' dir='ltr'><strong>hoc</strong></span> <span class='ocrx_word' id='word_1_146' title='bbox 945 3097 977 3139; x_wconf 93' lang='lat' dir='ltr'><strong>se</strong></span> <span class='ocrx_word' id='word_1_147' title='bbox 993 3079 1195 3155; x_wconf 89' lang='lat' dir='ltr'><strong>amplectitur</strong></span> <span class='ocrx_word' id='word_1_148' title='bbox 1211 3099 1282 3152; x_wconf 88' lang='lat' dir='ltr'><strong>unc,</strong></span> 
     </span>
     <span class='ocr_line' id='line_1_23' title="bbox 372 3174 1271 3251; baseline 0.001 -18"><span class='ocrx_word' id='word_1_149' title='bbox 372 3175 439 3235; x_wconf 90' lang='lat' dir='ltr'><strong>Hoc</strong></span> <span class='ocrx_word' id='word_1_150' title='bbox 455 3182 540 3234; x_wconf 87' lang='lat' dir='ltr'><strong>amat</strong></span> <span class='ocrx_word' id='word_1_151' title='bbox 555 3182 586 3233; x_wconf 91' lang='lat' dir='ltr'><strong>et</strong></span> <span class='ocrx_word' id='word_1_152' title='bbox 602 3174 719 3247; x_wconf 87' lang='lat' dir='ltr'><strong>laudat,</strong></span> <span class='ocrx_word' id='word_1_153' title='bbox 736 3176 932 3233; x_wconf 88' lang='lat' dir='ltr'><strong>‘Matronam</strong></span> <span class='ocrx_word' id='word_1_154' title='bbox 950 3176 1069 3235; x_wconf 88' lang='lat' dir='ltr'><strong>nullam</strong></span> <span class='ocrx_word' id='word_1_155' title='bbox 1085 3193 1142 3250; x_wconf 89' lang='lat' dir='ltr'><strong>ego</strong></span> <span class='ocrx_word' id='word_1_156' title='bbox 1157 3179 1271 3251; x_wconf 65' lang='lat' dir='ltr'><strong>tango?</strong></span> 
     </span>
     <span class='ocr_line' id='line_1_24' title="bbox 371 3272 1430 3349; baseline -0.001 -16"><span class='ocrx_word' id='word_1_157' title='bbox 371 3273 416 3333; x_wconf 91' lang='lat' dir='ltr'><strong>Ut</strong></span> <span class='ocrx_word' id='word_1_158' title='bbox 431 3272 590 3349; x_wconf 86' lang='lat' dir='ltr'><strong>quondam</strong></span> <span class='ocrx_word' id='word_1_159' title='bbox 609 3273 781 3344; x_wconf 72' lang='lat' dir='ltr'><strong>Marsaeus</strong></span> <span class='ocrx_word' id='word_1_160' title='bbox 797 3279 919 3331; x_wconf 88' lang='lat' dir='ltr'><strong>amator</strong></span> <span class='ocrx_word' id='word_1_161' title='bbox 934 3272 1073 3347; x_wconf 81' lang='lat' dir='ltr'><strong>Originis</strong></span> <span class='ocrx_word' id='word_1_162' title='bbox 1089 3272 1153 3346; x_wconf 91' lang='lat' dir='ltr'><strong>ille,</strong></span> <span class='ocrx_word' id='word_1_163' title='bbox 1399 3289 1430 3332; x_wconf 78' lang='lat' dir='ltr'><strong>st</strong></span> 
     </span>
     <span class='ocr_line' id='line_1_25' title="bbox 369 3368 1231 3446; baseline 0.002 -19"><span class='ocrx_word' id='word_1_164' title='bbox 369 3368 426 3437; x_wconf 85' lang='lat' dir='ltr'><strong>Qui</strong></span> <span class='ocrx_word' id='word_1_165' title='bbox 445 3370 583 3445; x_wconf 88' lang='lat' dir='ltr'><strong>patrium</strong></span> <span class='ocrx_word' id='word_1_166' title='bbox 601 3370 714 3426; x_wconf 88' lang='lat' dir='ltr'><strong>mimae</strong></span> <span class='ocrx_word' id='word_1_167' title='bbox 730 3368 827 3427; x_wconf 86' lang='lat' dir='ltr'><strong>donat</strong></span> <span class='ocrx_word' id='word_1_168' title='bbox 842 3368 1039 3445; x_wconf 87' lang='lat' dir='ltr'><strong>fundumque</strong></span> <span class='ocrx_word' id='word_1_169' title='bbox 1057 3369 1231 3446; x_wconf 88' lang='lat' dir='ltr'><strong>Laremque</strong></span> 
     </span>
     <span class='ocr_line' id='line_1_26' title="bbox 369 3464 1335 3542; baseline 0.003 -20"><span class='ocrx_word' id='word_1_170' title='bbox 369 3464 440 3523; x_wconf 89' lang='lat' dir='ltr'><strong>‘Nil</strong></span> <span class='ocrx_word' id='word_1_171' title='bbox 457 3464 556 3524; x_wconf 89' lang='lat' dir='ltr'><strong>fuerit</strong></span> <span class='ocrx_word' id='word_1_172' title='bbox 572 3466 632 3523; x_wconf 92' lang='lat' dir='ltr'><strong>mi&#39;</strong></span> <span class='ocrx_word' id='word_1_173' title='bbox 649 3467 754 3542; x_wconf 92' lang='lat' dir='ltr'><strong>inquit</strong></span> <span class='ocrx_word' id='word_1_174' title='bbox 770 3471 858 3524; x_wconf 88' lang='lat' dir='ltr'><strong>‘cum</strong></span> <span class='ocrx_word' id='word_1_175' title='bbox 874 3467 1023 3525; x_wconf 85' lang='lat' dir='ltr'><strong>uxoribus</strong></span> <span class='ocrx_word' id='word_1_176' title='bbox 1038 3483 1188 3542; x_wconf 87' lang='lat' dir='ltr'><strong>umquam</strong></span> <span class='ocrx_word' id='word_1_177' title='bbox 1204 3466 1335 3525; x_wconf 64' lang='lat' dir='ltr'><strong>alienis!</strong></span> 
     </span>
     <span class='ocr_line' id='line_1_27' title="bbox 368 3562 1257 3636; baseline 0.002 -17"><span class='ocrx_word' id='word_1_178' title='bbox 368 3562 484 3621; x_wconf 87' lang='lat' dir='ltr'><strong>Verum</strong></span> <span class='ocrx_word' id='word_1_179' title='bbox 500 3570 549 3623; x_wconf 91' lang='lat' dir='ltr'><strong>est</strong></span> <span class='ocrx_word' id='word_1_180' title='bbox 563 3580 633 3622; x_wconf 90' lang='lat' dir='ltr'><strong>cum</strong></span> <span class='ocrx_word' id='word_1_181' title='bbox 650 3563 766 3635; x_wconf 89' lang='lat' dir='ltr'><strong>mimis,</strong></span> <span class='ocrx_word' id='word_1_182' title='bbox 781 3571 831 3621; x_wconf 91' lang='lat' dir='ltr'><strong>est</strong></span> <span class='ocrx_word' id='word_1_183' title='bbox 846 3581 915 3622; x_wconf 92' lang='lat' dir='ltr'><strong>cum</strong></span> <span class='ocrx_word' id='word_1_184' title='bbox 932 3563 1158 3636; x_wconf 87' lang='lat' dir='ltr'><strong>meretricibus,</strong></span> <span class='ocrx_word' id='word_1_185' title='bbox 1175 3563 1257 3621; x_wconf 85' lang='lat' dir='ltr'><strong>unde</strong></span> 
     </span>
     <span class='ocr_line' id='line_1_28' title="bbox 369 3658 1346 3737; baseline 0.003 -20"><span class='ocrx_word' id='word_1_186' title='bbox 369 3658 466 3718; x_wconf 88' lang='lat' dir='ltr'><strong>Fama</strong></span> <span class='ocrx_word' id='word_1_187' title='bbox 480 3660 596 3719; x_wconf 89' lang='lat' dir='ltr'><strong>malum</strong></span> <span class='ocrx_word' id='word_1_188' title='bbox 613 3660 740 3736; x_wconf 88' lang='lat' dir='ltr'><strong>gravius</strong></span> <span class='ocrx_word' id='word_1_189' title='bbox 757 3678 850 3737; x_wconf 89' lang='lat' dir='ltr'><strong>quarn</strong></span> <span class='ocrx_word' id='word_1_190' title='bbox 867 3678 916 3719; x_wconf 89' lang='lat' dir='ltr'><strong>res</strong></span> <span class='ocrx_word' id='word_1_191' title='bbox 931 3661 1039 3719; x_wconf 86' lang='lat' dir='ltr'><strong>trahit.</strong></span> <span class='ocrx_word' id='word_1_192' title='bbox 1083 3662 1133 3717; x_wconf 88' lang='lat' dir='ltr'><strong>An</strong></span> <span class='ocrx_word' id='word_1_193' title='bbox 1150 3660 1209 3719; x_wconf 89' lang='lat' dir='ltr'><strong>tibi</strong></span> <span class='ocrx_word' id='word_1_194' title='bbox 1224 3661 1346 3720; x_wconf 86' lang='lat' dir='ltr'><strong>abunde</strong></span> 
     </span>
     <span class='ocr_line' id='line_1_29' title="bbox 368 3756 1432 3834; baseline 0.002 -20"><span class='ocrx_word' id='word_1_195' title='bbox 368 3756 537 3816; x_wconf 90' lang='lat' dir='ltr'><strong>Personam</strong></span> <span class='ocrx_word' id='word_1_196' title='bbox 553 3757 631 3816; x_wconf 86' lang='lat' dir='ltr'><strong>satis</strong></span> <span class='ocrx_word' id='word_1_197' title='bbox 647 3764 704 3830; x_wconf 91' lang='lat' dir='ltr'><strong>est,</strong></span> <span class='ocrx_word' id='word_1_198' title='bbox 720 3776 781 3817; x_wconf 92' lang='lat' dir='ltr'><strong>non</strong></span> <span class='ocrx_word' id='word_1_199' title='bbox 798 3757 888 3829; x_wconf 88' lang='lat' dir='ltr'><strong>illud,</strong></span> <span class='ocrx_word' id='word_1_200' title='bbox 905 3757 1054 3834; x_wconf 88' lang='lat' dir='ltr'><strong>quicquid</strong></span> <span class='ocrx_word' id='word_1_201' title='bbox 1071 3757 1186 3833; x_wconf 90' lang='lat' dir='ltr'><strong>ubique</strong></span> <span class='ocrx_word' id='word_1_202' title='bbox 1402 3771 1432 3816; x_wconf 85' lang='lat'><strong>60</strong></span> 
     </span>
     <span class='ocr_line' id='line_1_30' title="bbox 367 3840 1133 3932; baseline -0.001 -19"><span class='ocrx_word' id='word_1_203' title='bbox 367 3852 479 3927; x_wconf 88' lang='lat' dir='ltr'><strong>Officit,</strong></span> <span class='ocrx_word' id='word_1_204' title='bbox 495 3854 641 3912; x_wconf 89' lang='lat' dir='ltr'><strong>evitare?</strong></span> <span class='ocrx_word' id='word_1_205' title='bbox 685 3854 804 3914; x_wconf 89' lang='lat' dir='ltr'><strong>Bonam</strong></span> <span class='ocrx_word' id='word_1_206' title='bbox 821 3840 991 3932; x_wconf 82' lang='lat' dir='ltr'><strong>deperdere</strong></span> <span class='ocrx_word' id='word_1_207' title='bbox 1007 3854 1133 3927; x_wconf 87' lang='lat' dir='ltr'><strong>famam,</strong></span> 
     </span>
     <span class='ocr_line' id='line_1_31' title="bbox 368 3948 1372 4028; baseline 0.003 -21"><span class='ocrx_word' id='word_1_208' title='bbox 368 3948 445 4008; x_wconf 89' lang='lat' dir='ltr'><strong>Rem</strong></span> <span class='ocrx_word' id='word_1_209' title='bbox 462 3951 562 4027; x_wconf 90' lang='lat' dir='ltr'><strong>patris</strong></span> <span class='ocrx_word' id='word_1_210' title='bbox 577 3950 736 4025; x_wconf 83' lang='lat' dir='ltr'><strong>oblimare,</strong></span> <span class='ocrx_word' id='word_1_211' title='bbox 754 3952 872 4011; x_wconf 84' lang='lat' dir='ltr'><strong>malum</strong></span> <span class='ocrx_word' id='word_1_212' title='bbox 888 3959 936 4011; x_wconf 88' lang='lat' dir='ltr'><strong>est</strong></span> <span class='ocrx_word' id='word_1_213' title='bbox 951 3953 1148 4028; x_wconf 90' lang='lat' dir='ltr'><strong>ubicumque.</strong></span> <span class='ocrx_word' id='word_1_214' title='bbox 1191 3951 1274 4021; x_wconf 82' lang='lat' dir='ltr'><strong>Quid</strong></span> <span class='ocrx_word' id='word_1_215' title='bbox 1290 3952 1372 4012; x_wconf 89' lang='lat' dir='ltr'><strong>inter</strong></span> 
     </span>
     <span class='ocr_line' id='line_1_32' title="bbox 366 4047 1087 4125; baseline 0.003 -20"><span class='ocrx_word' id='word_1_216' title='bbox 366 4047 425 4105; x_wconf 90' lang='lat' dir='ltr'><strong>Est</strong></span> <span class='ocrx_word' id='word_1_217' title='bbox 439 4050 471 4105; x_wconf 91' lang='lat' dir='ltr'><strong>in</strong></span> <span class='ocrx_word' id='word_1_218' title='bbox 488 4054 640 4121; x_wconf 85' lang='lat' dir='ltr'><strong>matrona,</strong></span> <span class='ocrx_word' id='word_1_219' title='bbox 656 4049 773 4108; x_wconf 84' lang='lat' dir='ltr'><strong>ancilla</strong></span> <span class='ocrx_word' id='word_1_220' title='bbox 789 4066 938 4125; x_wconf 88' lang='lat' dir='ltr'><strong>peccesne</strong></span> <span class='ocrx_word' id='word_1_221' title='bbox 955 4051 1087 4125; x_wconf 81' lang='lat' dir='ltr'><strong>togata?</strong></span> 
     </span>
     <span class='ocr_line' id='line_1_33' title="bbox 366 4143 1169 4221; baseline 0.004 -19"><span class='ocrx_word' id='word_1_222' title='bbox 366 4143 483 4202; x_wconf 89' lang='lat' dir='ltr'><strong>Villius</strong></span> <span class='ocrx_word' id='word_1_223' title='bbox 499 4144 531 4202; x_wconf 90' lang='lat' dir='ltr'><strong>in</strong></span> <span class='ocrx_word' id='word_1_224' title='bbox 549 4145 667 4204; x_wconf 86' lang='lat' dir='ltr'><strong>Fausta</strong></span> <span class='ocrx_word' id='word_1_225' title='bbox 682 4144 788 4205; x_wconf 86' lang='lat' dir='ltr'><strong>Sullae</strong></span> <span class='ocrx_word' id='word_1_226' title='bbox 804 4164 907 4221; x_wconf 86' lang='lat' dir='ltr'><strong>gener,</strong></span> <span class='ocrx_word' id='word_1_227' title='bbox 925 4146 981 4205; x_wconf 91' lang='lat' dir='ltr'><strong>hoc</strong></span> <span class='ocrx_word' id='word_1_228' title='bbox 997 4146 1091 4205; x_wconf 90' lang='lat' dir='ltr'><strong>miser</strong></span> <span class='ocrx_word' id='word_1_229' title='bbox 1106 4165 1169 4205; x_wconf 93' lang='lat' dir='ltr'><strong>uno</strong></span> 
     </span>
     <span class='ocr_line' id='line_1_34' title="bbox 365 4240 1428 4320; baseline 0.006 -22"><span class='ocrx_word' id='word_1_230' title='bbox 365 4240 502 4299; x_wconf 90' lang='lat' dir='ltr'><strong>Nomine</strong></span> <span class='ocrx_word' id='word_1_231' title='bbox 518 4242 675 4318; x_wconf 87' lang='lat' dir='ltr'><strong>deeeptus,</strong></span> <span class='ocrx_word' id='word_1_232' title='bbox 692 4260 809 4319; x_wconf 86' lang='lat' dir='ltr'><strong>poenas</strong></span> <span class='ocrx_word' id='word_1_233' title='bbox 825 4243 913 4301; x_wconf 89' lang='lat' dir='ltr'><strong>dedit</strong></span> <span class='ocrx_word' id='word_1_234' title='bbox 929 4262 1026 4320; x_wconf 89' lang='lat' dir='ltr'><strong>usque</strong></span> <span class='ocrx_word' id='word_1_235' title='bbox 1042 4261 1198 4320; x_wconf 90' lang='lat' dir='ltr'><strong>superque</strong></span> <span class='ocrx_word' id='word_1_236' title='bbox 1399 4258 1428 4304; x_wconf 74' lang='lat' dir='ltr'><strong>or</strong></span> 
     </span>
     <span class='ocr_line' id='line_1_35' title="bbox 363 4337 1191 4417; baseline 0.004 -21"><span class='ocrx_word' id='word_1_237' title='bbox 363 4337 463 4407; x_wconf 85' lang='lat' dir='ltr'><strong>Quam</strong></span> <span class='ocrx_word' id='word_1_238' title='bbox 480 4338 558 4399; x_wconf 87' lang='lat' dir='ltr'><strong>satis</strong></span> <span class='ocrx_word' id='word_1_239' title='bbox 574 4346 631 4413; x_wconf 89' lang='lat' dir='ltr'><strong>est,</strong></span> <span class='ocrx_word' id='word_1_240' title='bbox 648 4341 763 4416; x_wconf 83' lang='lat' dir='ltr'><strong>pugnis</strong></span> <span class='ocrx_word' id='word_1_241' title='bbox 779 4357 887 4399; x_wconf 87' lang='lat' dir='ltr'><strong>caesus</strong></span> <span class='ocrx_word' id='word_1_242' title='bbox 904 4340 1047 4417; x_wconf 86' lang='lat' dir='ltr'><strong>ferroque</strong></span> <span class='ocrx_word' id='word_1_243' title='bbox 1064 4340 1191 4417; x_wconf 87' lang='lat' dir='ltr'><strong>petitus,</strong></span> 
     </span>
    </p>
   </div>
   <div class='ocr_carea' id='block_1_4' title="bbox 0 0 1800 5067">
    <p class='ocr_par' dir='ltr' id='par_1_4' title="bbox 0 0 1800 5067">
     <span class='ocr_line' id='line_1_36' title="bbox 0 0 1800 5067; baseline 0 8"><span class='ocrx_word' id='word_1_244' title='bbox 0 0 1800 5067; x_wconf 95' lang='lat' dir='ltr'><strong> </strong></span> 
     </span>
    </p>
   </div>
  </div>
 </body>
</html>
