3592 5067
75 172 310 475 .
328 463 473 475 κυ-ιι-ιά-
496 469 514 475 „-
528 463 534 470 ·
1181 172 1190 470 Ι

383 954 436 1021 11]
839 954 952 1006 umen
975 955 997 1007 1

382 1126 502 1201 Altera,
520 1124 564 1184 nil
581 1125 700 1200 obstat;
722 1124 797 1186 Cois
813 1126 871 1186 tibi
887 1145 987 1204 paene
1002 1127 1109 1187 videre
1123 1134 1173 1187 est

383 1224 429 1285 Ut
443 1222 569 1296 nudam,
585 1240 624 1281 ne
639 1239 728 1282 crure
744 1222 836 1298 malo,
852 1241 891 1282 ne
907 1224 951 1283 sit
965 1224 1045 1301 pede
1059 1224 1145 1301 turpi
1154 1247 1162 1300 ;

381 1320 489 1380 Metiri
502 1319 607 1398 possis
622 1317 712 1378 oculo
728 1317 820 1379 latus.
865 1321 917 1379 An
932 1321 991 1381 tibi
1007 1320 1107 1381 mavis

381 1417 520 1478 Insidias
535 1415 604 1475 fieri
620 1417 820 1493 pretiumque
835 1416 967 1476 avellier
981 1424 1055 1477 ante

379 1514 478 1586 Quam
495 1530 628 1573 mercem
644 1513 794 1573 ostendi?
838 1514 1008 1591 ‘Leporem
1025 1521 1156 1575 venator
1170 1523 1206 1576 ut
1220 1516 1286 1577 alta
1402 1532 1446 1579 105

380 1613 419 1671 ln
434 1615 507 1671 nive
522 1618 668 1684 sectetur,
685 1610 823 1688 positum
839 1611 885 1670 sio
900 1619 1028 1687 tangere
1043 1612 1143 1686 nolit,'

379 1708 495 1770 cantat
509 1715 542 1767 et
555 1707 687 1785 adponit
703 1712 711 1742 ‘
720 1708 812 1768 Meus
827 1714 876 1768 est
890 1727 977 1768 amor
992 1709 1065 1768 huic
1080 1708 1213 1785 similis3
1235 1728 1309 1769 uam

317 1816 319 1824 '
377 1805 567 1865 Transvolat
580 1805 614 1863 in
631 1804 734 1863 medio
749 1806 854 1881 posita
868 1810 900 1865 et
915 1806 1073 1882 fugientia
1087 1808 1214 1883 captat'

378 1902 512 1963 Hiscine
527 1901 692 1961 versiculis
708 1919 816 1978 speras
831 1902 890 1961 tibi
906 1920 998 1979 posse
1013 1903 1135 1963 dolores

378 1999 485 2078 Atque
500 2007 606 2058 aestus
620 2016 773 2074 curasque
788 2000 895 2075 gravis
910 2017 927 2058 e
941 2006 1067 2076 pectore
1082 2000 1181 2059 tolli?
1399 2016 1443 2060 110

377 2096 500 2170 Nonne,
516 2094 719 2172 cupidinibus
735 2101 856 2155 statuat
870 2101 984 2155 natura
999 2097 1125 2155 modum
1141 2114 1244 2174 quem,

375 2192 457 2264 Quid
472 2192 576 2252 latura
590 2192 661 2267 sibi,
677 2192 755 2270 quid
769 2192 813 2253 sit
828 2192 967 2253 dolitura
981 2200 1139 2268 negatum,

375 2289 528 2360 Quaerere
544 2289 616 2368 plus
631 2289 763 2367 prodest
777 2296 809 2350 et
825 2290 919 2350 inane
934 2290 1115 2350 abscindere
1130 2290 1244 2352 soldo?

413 2387 511 2463 Num,
526 2387 585 2448 tibi
601 2406 671 2447 cum
687 2388 796 2448 fauces
811 2389 877 2447 urit
892 2389 972 2462 sitis,
989 2406 1084 2447 aurea
1098 2388 1223 2465 quaeris

374 2484 516 2544 Pocula?
558 2485 646 2544 Num
661 2486 804 2545 esuriens
821 2486 950 2545 fastidis
965 2486 1070 2544 omnia
1084 2491 1207 2563 praeter
1394 2501 1438 2546 115

373 2581 532 2641 Pavonem
548 2581 802 2659 rhombumque?
845 2584 982 2642 'sument
996 2582 1054 2642 tibi
1070 2599 1140 2640 oum
1156 2582 1296 2658 inguina,
1311 2602 1396 2660 num,
1409 2585 1436 2645 si

374 2678 501 2738 Ancilla
514 2684 570 2737 aut
584 2697 681 2737 verna
695 2686 744 2738 est
759 2688 884 2756 praesto
901 2697 986 2757 puer,
1003 2679 1140 2756 impetus
1156 2679 1189 2738 iu
1204 2698 1295 2756 quem

372 2774 529 2835 Continuo
544 2774 609 2849 fiat,
625 2774 717 2835 malis
733 2775 888 2850 tentigine
904 2777 1033 2852 rumpi?

337 2916 340 2921 .
371 2869 443 2929 Non
459 2889 531 2947 ego:
555 2888 690 2947 namque
707 2872 879 2948 parabilem
896 2891 966 2931 amo
982 2872 1135 2930 Venerem
1151 2872 1347 2949 facilemque.

371 2966 465 3026 Illam
481 2968 573 3027 ‘Post
587 2967 728 3044 paullo’;
753 2968 832 3028 ‘Sed
849 2969 968 3045 pluris'
978 2992 986 3043 3
1009 2968 1060 3027 ‘Si
1075 2970 1189 3027 exierit
1205 2969 1270 3026 vir’
1391 2983 1435 3027 110

371 3063 482 3138 Gallis,
498 3064 579 3124 hanc
595 3064 802 3125 Philodemus
817 3066 864 3125 ait
879 3066 949 3138 sibi,
965 3084 1044 3153 quae
1060 3084 1160 3142 neque
1176 3084 1287 3141 magno

371 3160 440 3220 Stet
455 3162 556 3239 pretio
571 3179 672 3237 neque
686 3169 860 3235 cunctetur,
875 3180 947 3221 cum
963 3169 1012 3221 est
1026 3162 1113 3222 iussa
1127 3163 1242 3220 venire.

370 3256 513 3318 Candida
527 3264 674 3335 rectaque
689 3260 739 3332 sit,
757 3259 876 3318 munda
888 3260 1052 3332 hactenus,
1067 3266 1102 3316 ut
1118 3276 1219 3335 neque
1235 3258 1328 3334 longa

368 3354 435 3415 Nec
450 3356 550 3431 magis
565 3354 637 3414 alba
652 3355 730 3415 velit
745 3374 839 3433 quam
855 3356 912 3415 dat
927 3362 1041 3414 natura
1055 3355 1163 3415 videri.

368 3452 465 3528 Haec,
480 3453 533 3512 ubi
549 3455 716 3529 supposuit
729 3453 842 3513 dextro
857 3471 969 3530 corpus
986 3451 1063 3511 mihi
1079 3453 1214 3527 laevum,
1388 3466 1431 3511 125

369 3549 431 3609 Ilia
444 3556 476 3610 et
491 3550 606 3627 Egeria
620 3555 685 3624 est,
708 3550 749 3609 do
764 3567 876 3608 nomeu
893 3550 1056 3627 quodlibet
1071 3549 1129 3621 illi,

367 3647 397 3705 N
399 3665 434 3707 10
449 3665 557 3707 vereor
572 3665 620 3719 ne,
638 3647 712 3706 dum
728 3648 830 3721 futuo,
847 3650 896 3705 vir
912 3665 983 3705 rure
998 3653 1146 3720 recurrat,

368 3744 468 3804 Ianua
481 3745 656 3819 frangatur,
673 3745 768 3804 latret
782 3743 878 3817 canis,
894 3744 1034 3819 undique
1049 3761 1162 3818 magno

367 3840 464 3901 Pulsa
478 3842 589 3901 domus
604 3842 740 3919 strepitu
755 3848 889 3914 resonet,
907 3840 1066 3917 vepallida
1081 3840 1163 3899 lecto

366 3937 502 3998 Desiliat
517 3938 638 4013 mulier,
654 3940 800 3997 miseram
816 3956 849 3997 se
864 3938 989 3998 conscia
1003 3938 1126 4011 clamet,

366 4034 517 4095 Cruribus
533 4035 609 4094 haec
624 4042 753 4109 metuat,
770 4035 836 4095 doti
852 4034 1016 4112 deprensa,
1032 4039 1156 4110 egomet
1171 4033 1224 4115 mi.

366 4131 528 4193 Discincta
541 4133 650 4192 tunica
664 4132 848 4208 fugiendum
864 4139 914 4192 est
928 4151 964 4191 ac
979 4132 1058 4209 pede
1072 4132 1166 4206 nudo,

364 4229 414 4289 Ne
428 4230 548 4289 nummi
564 4238 693 4308 pereant
708 4235 764 4289 aut
779 4250 862 4307 puga
877 4236 934 4289 aut
948 4229 1084 4307 denique
1097 4229 1192 4289 fama

364 4326 523 4405 Deprendi
538 4330 687 4387 miserum
703 4334 767 4387 est:
791 4326 889 4387 Fabio
906 4326 954 4385 vel
971 4326 1074 4386 iudice
1089 4327 1221 4387 vincam.
