3592 5067
376 959 444 1027 ni]
817 960 928 1011 arnna
953 960 988 1010 11.

376 1130 532 1191 Curreret.
576 1128 671 1188 Hunc
686 1129 827 1190 medicus
842 1130 977 1189 multum
993 1129 1075 1191 celer
1090 1138 1184 1208 atque
1200 1132 1303 1194 fidelis

376 1228 505 1286 Excitat
520 1225 578 1285 hoc
594 1215 688 1302 pacto
695 1248 702 1284 :
724 1242 863 1286 mensam
880 1228 955 1304 poni
971 1227 1058 1287 iubet
1072 1236 1167 1303 atque

375 1322 507 1382 Effundi
522 1340 627 1383 saccos
642 1341 852 1397 nummorum,
868 1323 1014 1383 accedere
1030 1321 1132 1401 pluris

375 1421 426 1480 Ad
442 1419 687 1479 numerandum:
712 1419 867 1479 hominem
885 1422 930 1481 sic
945 1420 1048 1497 erigit,
1064 1421 1154 1481 addit
1167 1429 1200 1481 et
1214 1422 1310 1483 illud:
1397 1439 1440 1485 150

375 1518 435 1577 ‘Ni
451 1528 506 1578 tua
520 1516 669 1591 custodis,
685 1518 797 1578 avidus
813 1521 875 1577 iarn
891 1518 967 1577 haec
981 1518 1106 1578 auferet
1120 1517 1230 1579 heres!

374 1616 466 1675 ‘Men
478 1615 552 1674 vivo
562 1615 593 1673 ?'
618 1616 680 1675 ‘Ut
694 1616 782 1675 vivas
794 1615 900 1692 igitur,
911 1615 1016 1691 vigila
1044 1615 1112 1674 Hoc
1124 1633 1182 1692 age
1192 1617 1215 1676 l’
1241 1616 1339 1687 ‘Quid
1349 1619 1438 1679 vis?’

374 1711 549 1772 ‘Deficient
563 1716 687 1789 inopem
705 1730 801 1771 venae
817 1721 858 1786 te,
875 1712 907 1771 ni
922 1712 1010 1772 cibus
1025 1721 1120 1789 atque

373 1809 491 1887 lugens
507 1810 629 1869 accedit
643 1810 805 1869 stomacho
821 1809 943 1869 fultura
958 1809 1070 1868 ruenti.

373 1906 422 1964 Tu
437 1907 569 1965 cessas?
612 1906 768 1983 Agedum,
784 1924 872 1964 sume
891 1906 949 1965 lroc
964 1906 1148 1966 tisanarium
1165 1909 1296 1985 oryzae!
1394 1922 1437 1967 lss

373 2002 507 2072 ‘Quanti
523 2002 691 2080 emptae?’
728 2003 866 2062 ‘Parvo'
903 2002 1037 2073 ‘Quanti
1053 2004 1170 2079 ergo?'
1211 2004 1435 2066 ‘Octussibus'

495 2098 611 2173 ‘Eheu

372 2197 454 2267 Quid
470 2196 570 2257 refert
584 2196 691 2257 morbo
706 2213 746 2256 an
761 2197 858 2257 furtis
872 2214 1060 2275 pereamque
1075 2197 1239 2274 rapinis?'

413 2293 579 2364 ‘Quisnam
592 2294 690 2371 igitur
702 2311 797 2354 sanus
808 2294 839 2351 ?'
868 2293 927 2364 Qui
941 2312 1003 2353 non
1016 2294 1142 2354 stultus.
1173 2294 1268 2366 ‘Quid
1281 2314 1394 2357 avarus
1403 2297 1435 2356 ?’

372 2391 496 2451 Stultus
511 2397 544 2450 et
558 2392 697 2451 insanus.
741 2391 851 2464 ‘Quid,
866 2393 893 2451 si
909 2394 981 2467 quis
997 2410 1058 2450 non
1074 2392 1116 2450 sit
1130 2409 1253 2465 avarus,

371 2487 528 2549 Continuo
543 2488 681 2549 sanus?'
724 2487 865 2546 Minime.
910 2487 1162 2560 ‘Cur,St0ice?'
1203 2488 1324 2548 Dicam.
1393 2502 1436 2549 ιω

369 2584 444 2644 Non
459 2592 508 2644 est
522 2584 684 2644 cardiacus
695 2618 733 2628 -
744 2585 907 2645 Craterum
925 2584 1043 2644 dixisse
1060 2591 1220 2661 putato-

370 2680 435 2741 Hic
449 2698 559 2756 aeger3
582 2690 666 2740 recte
681 2687 730 2739 est
745 2682 852 2756 igitur,
868 2682 1065 2755 surgetque?
1107 2680 1137 2739 N
1140 2681 1254 2757 egebit,

370 2776 459 2847 Quod
473 2776 558 2837 latus
573 2784 629 2835 aut
643 2794 734 2835 renes
750 2778 857 2835 morbo
873 2784 1067 2853 temptentur
1082 2784 1182 2836 acuto.

368 2873 399 2933 N
403 2890 442 2931 on
457 2879 507 2933 est
522 2872 666 2949 periurus
681 2890 782 2948 neque
798 2871 954 2944 sordidus,
970 2873 1112 2931 immolet
1126 2874 1236 2950 aequis

370 2968 434 3028 Hic
449 2986 577 3046 porcum
593 2968 744 3028 Laribus:
768 2985 873 3026 verum
891 2968 1077 3027 ambitiosus
1093 2976 1126 3027 et
1139 2970 1260 3044 audax;

368 3065 510 3141 Naviget
523 3064 721 3142 Anticyram.
766 3063 847 3134 Quid
864 3065 947 3122 enirn
964 3064 1072 3123 differt
1088 3064 1276 3127 barathrone

369 3161 476 3221 Dones
492 3160 644 3238 quicquid
661 3160 766 3233 habes,
782 3178 821 3219 an
839 3179 1009 3237 numquam
1026 3167 1114 3220 utare
1130 3164 1277 3239 paratis?

368 3258 497 3318 Servius
512 3256 669 3336 Oppidius
685 3257 801 3318 Canusi
818 3258 879 3316 duo
894 3256 1032 3334 praedia,
1047 3257 1135 3317 dives

367 3356 511 3431 Antiquo
525 3372 629 3427 censu,
646 3353 750 3429 gnatis
766 3353 884 3413 divisse
900 3353 1021 3412 duobus

369 3452 481 3510 Fertur
495 3460 529 3510 et
542 3450 619 3510 hacc
634 3451 770 3510 moriens
787 3450 892 3527 pueris
908 3449 1027 3509 dixisse
1042 3450 1161 3511 vocatis

367 3548 419 3608 Ad
434 3548 567 3607 lectum:
591 3548 779 3623 ‘Postquam
796 3554 827 3607 te
843 3545 933 3620 talos,
951 3546 1041 3619 Aule,
1057 3564 1214 3624 nucesque
1311 3589 1313 3593 .

367 3645 462 3705 Ferre
476 3647 548 3706 sinu
564 3644 645 3717 laxo,
660 3644 775 3703 donare
790 3652 822 3702 et
837 3643 945 3702 ludere
961 3644 1035 3715 vidi,

366 3744 419 3816 Te,
436 3742 551 3814 Tiberi,
567 3758 740 3822 numerare,
757 3744 842 3800 cavis
857 3740 1047 3799 abscondere
1062 3742 1202 3816 tristem;

366 3840 520 3912 Extimui,
536 3857 575 3897 ne
592 3857 646 3898 vos
661 3845 768 3913 ageret
783 3836 912 3897 vesania
926 3836 1053 3911 discors,

366 3936 414 3994 Tu
428 3935 674 4009 Nomentanum,
691 3942 725 3993 tu
741 3952 779 3993 ne
794 3952 960 4011 sequerere
976 3933 1127 3994 Cicutam.

365 4032 466 4102 Quare
481 4051 536 4110 per
550 4032 639 4092 divos
654 4037 761 4092 oratus
777 4038 909 4107 uterque
924 4030 1063 4105 Penatis,

365 4130 413 4188 Tu
427 4148 503 4190 cave
518 4148 558 4189 ne
573 4130 706 4203 minuas,
721 4136 757 4188 tu
772 4147 810 4188 ne
826 4128 927 4187 maius
943 4128 1041 4188 iacias
1056 4128 1099 4203 id,

365 4227 452 4300 Quod
469 4227 547 4287 satis
561 4246 629 4287 esse
644 4234 738 4305 putat
753 4233 842 4304 pater
856 4234 889 4285 et
903 4234 1016 4285 natura
1030 4232 1159 4286 coercet.

364 4326 533 4386 Praeterea
545 4343 586 4385 ne
600 4343 656 4385 vos
671 4323 784 4385 titillet
797 4322 908 4400 gloria,
924 4325 992 4382 iure
