3592 5067
367 895 410 961 58
798 903 1003 957 saeuorum
1357 897 1422 965 [ιιι.

367 1079 506 1141 Iurando
519 1079 713 1159 obstringam
728 1082 836 1142 ambo:
860 1088 931 1140 uter
945 1077 1056 1140 aedilis
1071 1079 1208 1139 fueritve
1383 1084 1427 1131 180

367 1179 515 1239 Vestrum
531 1185 665 1257 praetor,
681 1180 708 1241 is
724 1178 916 1240 intestabilis
932 1184 964 1237 et
979 1195 1065 1238 sacer
1080 1183 1156 1236 esto.

368 1275 404 1335 Iu
420 1276 519 1336 cicere
534 1285 628 1355 atque
642 1277 717 1338 faba
730 1278 813 1338 bona
826 1282 862 1336 tu
877 1276 1052 1353 perdasque
1066 1274 1194 1351 lupinis,

367 1373 465 1434 Latus
479 1381 516 1434 ut
530 1375 563 1434 in
577 1376 660 1436 circo
674 1375 811 1454 spatiere
827 1380 859 1433 et
874 1392 989 1434 aeneus
1004 1378 1040 1431 ut
1054 1380 1128 1447 steS,

366 1471 480 1532 Nudus
496 1474 588 1549 agris,
604 1472 706 1534 nudus
722 1472 869 1546 nummis,
885 1471 1004 1544 insane,
1021 1470 1160 1547 paternis
1169 1492 1177 1544 ;

367 1568 494 1629 Scilicet
509 1576 544 1629 ut
558 1570 697 1648 plausus,
713 1588 791 1646 quos
807 1569 871 1627 fert
886 1568 1038 1645 Agrippa,
1054 1568 1138 1626 feras
1153 1573 1197 1640 tu,
1382 1573 1425 1619 185

366 1667 484 1740 Astuta
499 1666 669 1743 ingenuum
684 1666 794 1744 volpes
809 1665 937 1725 imitata
950 1664 1072 1723 leonem
1084 1664 1116 1722 ?'

408 1763 473 1823 ‘Ne
487 1763 559 1839 quis
574 1761 720 1822 humasse
736 1763 815 1822 velit
829 1763 969 1835 Aiacem,
985 1761 1108 1832 Atrida,
1125 1767 1211 1819 vetas
1227 1778 1281 1819 cur
1293 1759 1326 1817 ?’

367 1860 452 1919 ‘Rex
466 1854 569 1920 sums
599 1857 672 1918 ‘Nil
686 1858 772 1918 ultra
786 1852 1079 1936 quaero'plebeius.’
1123 1858 1181 1916 ‘Et
1195 1874 1325 1932 aequam

367 1957 445 2014 Rem
460 1955 624 2033 imperit0;
647 1955 724 2015 acsi
740 1956 790 2014 cui
806 1955 916 2014 videor
931 1974 993 2013 non
1009 1955 1119 2028 iustus,
1135 1952 1237 2012 inulto

366 2052 478 2110 Dicere
494 2051 577 2128 quod
592 2052 691 2111 sentit
705 2052 876 2130 permitto!
920 2052 1076 2110 ‘Maxime
1090 2068 1207 2126 regum,
1383 2058 1426 2104 190

366 2147 408 2206 Di
424 2147 482 2208 tibi
497 2147 573 2207 dent
587 2154 681 2225 capta
696 2146 827 2208 classem
844 2148 1015 2206 redducere
1029 2146 1132 2207 Troia

366 2244 450 2319 Ergo
463 2244 626 2305 consulere
641 2251 673 2303 et
687 2263 759 2303 mox
776 2243 965 2321 respondere
980 2242 1088 2303 licebit
1097 2243 1130 2301 ?'

366 2339 538 2401 ‘Consule'
580 2342 660 2402 ‘Cur
675 2342 759 2399 Aiax
775 2339 867 2400 heros
882 2340 922 2399 ab
937 2338 1062 2398 Achille
1076 2337 1230 2399 secundus

366 2437 517 2510 Putescit,
533 2437 650 2496 totiens
665 2437 801 2497 servatis
816 2436 919 2495 clarus
936 2435 1076 2510 Achivis,

367 2532 511 2594 Gaudeat
525 2538 561 2591 ut
576 2532 709 2610 populus
725 2533 845 2592 Priami
862 2532 1069 2608 Priamusque
1085 2531 1257 2604 inhumato,
1374 2541 1425 2588 -195

366 2629 427 2687 Per
441 2646 533 2705 quern
548 2633 597 2687 tot
610 2629 740 2688 iuvenes
755 2628 859 2706 patrio
874 2646 1000 2687 caruere
1015 2626 1158 2705 sepulcro
1168 2628 1199 2685 ?'

303 2735 305 2739 ‘
367 2724 472 2783 ‘Mille
488 2724 593 2784 ovium
609 2724 740 2785 insanus
755 2725 849 2783 morti
865 2724 962 2796 dedit,
979 2723 1122 2783 inclitum
1139 2723 1258 2783 Ulixen

366 2820 409 2880 Et
424 2819 603 2881 Menelaum
618 2839 682 2880 una
696 2839 817 2880 mecum
833 2839 867 2880 se
882 2820 1023 2880 occidere
1037 2819 1196 2880 clamans!

367 2918 431 2976 ‘Tu
445 2935 514 2976 cum
530 2935 587 2995 pro
602 2917 704 2977 vitula
718 2917 833 2977 statuis
848 2916 972 2976 dulcem
987 2915 1104 2975 Aulide
1119 2921 1245 2991 gnatam

366 3016 451 3072 Ante
465 3030 535 3072 aras
551 3012 735 3091 spargisque
751 3011 834 3072 mola
848 3019 953 3090 caput,
968 3011 1118 3090 improbe,
1135 3011 1227 3085 salsa,
1380 3022 1425 3068 auo

288 3102 291 3109 ’
366 3109 500 3168 Rectum
516 3109 613 3167 animi
629 3126 736 3169 servas
751 3109 918 3169 cursum?’
963 3107 1285 3185 insanusquidenim
1301 3107 1384 3166 Aiax

366 3204 463 3277 Fecit,
479 3224 550 3263 cum
565 3204 680 3264 stravit
694 3205 780 3264 ferro
794 3207 916 3281 pecus?
958 3203 1126 3265 Abstinuit
1141 3204 1204 3262 rim

367 3300 473 3360 U-xore
488 3306 521 3359 et
536 3308 631 3376 gnato
640 3324 648 3375 3
670 3300 755 3360 nrala
769 3300 869 3360 multa
884 3309 1028 3377 precatus
1044 3300 1177 3374 Atrida,

366 3396 439 3455 Nou
454 3395 509 3455 ille
524 3403 579 3455 aut
594 3396 748 3455 Teucrum
763 3402 819 3455 aut
833 3396 937 3473 ipsum
953 3396 1087 3456 violavit
1102 3395 1242 3457 Ulixen!

367 3492 499 3552 ‘Verum
515 3511 580 3568 ego,
596 3500 632 3552 ut
645 3491 807 3553 haerentis
823 3493 956 3554 adverso
970 3492 1062 3551 litore
1077 3492 1167 3552 navis
1381 3502 1425 3549 aas

365 3589 537 3666 Eripereru,
554 3589 690 3666 prudens
706 3588 830 3666 placavi
845 3588 998 3665 sanguine
1013 3588 1122 3649 divos!

366 3686 504 3763 ‘Nempe
519 3692 583 3759 tu0,
599 3686 737 3746 furiose)
781 3686 878 3760 ιΜειο,
894 3685 1027 3745 sednon
1042 3684 1199 3746 furiosus?

367 3782 441 3852 ‘Qui
457 3782 577 3859 species
592 3781 671 3842 alias
687 3782 769 3842 veris
784 3780 975 3859 scelerisque
990 3781 1129 3841 tumultu

366 3878 544 3938 Permixtas
560 3879 673 3956 capiet,
688 3886 861 3938 commotus
876 3878 1052 3953 habebitur,
1069 3884 1163 3955 atque

367 3974 550 4034 Stultitiane
565 3980 657 4049 erret,
673 3974 809 4034 nibilum
825 3975 967 4047 distabit,
983 3994 1022 4035 an
1037 3975 1093 4034 ira

366 4071 448 4129 Aiax
464 4071 639 4131 immeritos
654 4090 723 4131 cum
739 4072 864 4146 oceidit,
880 4071 1008 4148 desipit,
1024 4090 1138 4146 agn0s3

366 4167 444 4226 (lum
460 4167 597 4245 prudens
613 4167 715 4228 scelus
730 4167 769 4227 ob
785 4167 895 4227 titulos
911 4168 1054 4228 admittis
1068 4168 1181 4242 inanis,

366 4264 438 4325 stas
452 4264 558 4325 animo
573 4272 605 4324 et
619 4283 733 4344 purum
748 4272 797 4325 est
812 4264 891 4323 vitio
905 4264 974 4339 tibi,
989 4282 1060 4325 cum
1075 4265 1230 4326 tumidum
1245 4272 1294 4326 est
1308 4285 1360 4326 cor
1371 4267 1404 4324 ?'
