3592 5067
379 973 446 1042 ιιι]
830 970 944 1023 rusus
966 969 1002 1023 ιι.

379 1145 431 1208 Sic
446 1146 545 1205 honor
559 1148 592 1204 et
606 1160 719 1203 nomen
734 1142 856 1204 divinis
871 1143 997 1205 vatibus
1011 1149 1107 1221 atque

379 1241 578 1305 Carminibus
593 1240 689 1300 venit.
732 1240 812 1301 Post
826 1240 884 1301 hos
900 1240 1034 1318 insignis
1048 1241 1208 1303 Homerus

377 1341 596 1419 Tyrtaeusque
611 1354 713 1398 mares
728 1337 851 1399 animos
866 1338 900 1397 in
915 1338 1033 1399 Martia
1047 1338 1130 1399 bella

379 1437 531 1498 Versibus
545 1435 687 1510 exacuit3
711 1435 814 1495 diotae
829 1453 886 1513 per
900 1436 1041 1496 carmina
1054 1443 1163 1512 sortes,

376 1535 420 1595 Et
433 1534 519 1594 vitae
533 1539 709 1593 monstrata
723 1533 775 1592 via
789 1540 854 1608 est;
877 1539 910 1592 et
924 1534 1026 1609 gratia
1040 1552 1147 1611 regum

375 1632 490 1693 Pieriis
505 1636 661 1708 temptata
675 1630 794 1706 modis;
817 1629 975 1708 ludusque
990 1637 1140 1709 repertus,

375 1730 418 1790 Et
433 1730 596 1805 longorum
611 1745 742 1807 operum
756 1723 848 1787 finis:
870 1746 911 1787 ne
925 1728 1008 1788 forte
1023 1728 1134 1806 pudori

375 1827 426 1887 Sit
440 1826 500 1886 tibi
515 1827 609 1885 Musa
623 1825 710 1904 lyrae
725 1824 838 1885 sollers
853 1830 885 1884 et
900 1831 1009 1885 cantor
1022 1824 1146 1903 Apollo.

415 1924 540 1983 Natura
552 1923 642 1982 lieret
657 1921 817 1982 laudabile
831 1940 958 1982 carmen
972 1941 1012 1982 an
1026 1930 1102 1997 arte,

375 2019 560 2091 Quaesitum
574 2027 639 2079 est:
662 2036 721 2095 ego
734 2036 792 2078 nec
807 2018 950 2079 studium
964 2020 1031 2078 sine
1045 2018 1146 2079 divite
1161 2039 1250 2096 vena,

362 2117 442 2177 -Neo
458 2116 534 2176 rude
549 2116 626 2194 quid
641 2110 743 2195 prosit
758 2116 851 2177 video
866 2115 1046 2192 ingenium3
1061 2115 1193 2178 alterius
1208 2118 1254 2178 sic

373 2213 486 2273 Altera
499 2213 601 2292 poscit
615 2233 706 2292 opem
721 2232 771 2274 res
786 2221 819 2273 et
834 2213 977 2273 coniurat
991 2213 1097 2274 amice.

373 2310 434 2381 Qui
449 2310 555 2371 studet
570 2316 710 2389 optatam
726 2329 819 2370 cursu
834 2310 1016 2386 contingere
1030 2317 1157 2386 metam,

373 2407 478 2468 Multa
492 2407 569 2466 tulit
583 2407 722 2485 fecitque
737 2425 824 2485 puer,
840 2407 969 2467 sudavit
983 2414 1015 2467 et
1029 2407 1113 2482 alsit,

372 2503 540 2565 Abstinuit
553 2504 674 2564 Venere
688 2512 721 2564 et
735 2503 826 2579 vin03
849 2504 905 2580 qui
920 2504 1039 2582 Pythia
1052 2510 1159 2565 cantat

372 2600 512 2675 Tibicen,
527 2600 639 2660 didicit
654 2600 741 2678 prius
756 2600 968 2677 extimuitque
984 2601 1177 2677 magistrum.

370 2697 402 2756 N
405 2715 466 2757 uno
480 2698 558 2757 satis
573 2704 622 2756 est
636 2696 769 2757 dixisse:
795 2697 880 2772 ‘Ego
894 2696 975 2755 mira
988 2704 1133 2774 poemata
1146 2717 1267 2776 pango;

371 2792 512 2871 Occupet
525 2798 701 2853 extremum
716 2793 854 2867 scabies3
877 2792 956 2851 mihi
971 2800 1063 2871 turpe
1078 2794 1214 2873 relinqui
1229 2803 1286 2873 est,

370 2889 413 2948 Et
427 2889 511 2968 quod
526 2907 587 2948 non
602 2889 700 2948 didici
716 2907 791 2948 sane
806 2891 928 2949 nescire
943 2889 1058 2950 fateri!

410 2988 458 3048 Ut
473 3003 593 3063 praeco,
607 2985 647 3046 ad
663 3003 781 3045 merces
797 2985 923 3045 turbam
937 2986 992 3062 qui
1007 2988 1090 3062 cogit
1105 2989 1261 3065 emendas,

368 3083 596 3143 Adsentatores
612 3081 700 3141 iubet
715 3082 755 3141 ad
770 3081 892 3142 lucrum
908 3082 954 3141 ire
969 3089 1062 3160 poeta

369 3178 467 3239 Dives
481 3178 574 3254 agris,
589 3178 679 3238 dives
695 3179 808 3256 positis
822 3178 857 3237 in
871 3178 1000 3238 faenore
1014 3179 1160 3240 nummis.

370 3274 404 3335 Si
418 3293 491 3334 vero
505 3281 562 3349 est,
578 3281 707 3334 unctum
723 3274 777 3352 qui
792 3282 877 3334 recte
891 3294 1007 3353 ponere
1021 3276 1121 3353 possit

368 3372 411 3431 Et
425 3372 578 3449 spondere
592 3370 655 3430 levi
670 3389 728 3447 pro
742 3389 881 3448 paupere
897 3378 930 3431 et
944 3372 1063 3450 eripere
1078 3374 1155 3434 atris

368 3468 493 3528 Litibus
508 3467 708 3545 implicitum,
725 3467 862 3527 mirabor
877 3468 904 3528 si
920 3467 998 3529 sciet
1011 3470 1095 3530 inter

367 3565 504 3626 Noscere
519 3564 700 3625 mendaeem
715 3582 887 3642 verumque
902 3565 1012 3626 beatus
1027 3567 1171 3626 amicum.
1381 3586 1426 3632 aas

366 3663 414 3721 Tu
428 3681 485 3723 scu
499 3661 624 3722 donaris
638 3680 693 3722 seu
708 3660 786 3739 quid
802 3661 919 3721 donare
934 3661 1019 3722 voles
1034 3662 1092 3737 cui,

365 3757 476 3817 Nolito
490 3758 529 3817 ad
544 3776 652 3817 versus
666 3758 725 3818 tibi
740 3758 843 3818 factos
858 3758 971 3819 ducere
985 3758 1115 3836 plenum

365 3854 537 3930 Laetitiae3
559 3853 707 3915 clamabit
721 3855 805 3914 enim
823 3855 994 3914 ‘Pulchrel
1016 3856 1111 3918 bene!
1134 3861 1252 3918 rectel'

364 3950 521 4012 Pallescet
536 3970 628 4029 super
643 3951 702 4026 his,
718 3952 815 4011 etiam
831 3951 967 4012 stillabit
981 3953 1090 4015 amicis

364 4051 413 4110 Ex
427 4048 526 4110 oculis
541 4068 650 4124 rorem,
666 4049 768 4122 saliet,
785 4049 897 4110 tundet
912 4049 991 4128 pede
1007 4056 1123 4112 terram

364 4148 411 4209 Ut
426 4146 479 4224 qui
495 4146 639 4206 conducti
655 4145 781 4224 plorant
796 4146 829 4206 in
844 4146 955 4206 funere
970 4148 1080 4208 dicunt

361 4245 404 4304 Et
418 4243 541 4304 faciunt
555 4261 649 4322 prope
665 4242 758 4321 plura
772 4242 952 4305 dolentibus
967 4264 1006 4305 cx
1020 4246 1133 4322 auimo,
1149 4246 1195 4308 sic

327 4383 330 4389 .
361 4341 491 4402 Derisor
505 4357 580 4401 vero
593 4340 666 4419 plus
680 4340 845 4402 laudatore
859 4347 1011 4402 movetur.
