3592 5067
378 914 446 981 111]
536 924 538 929 ·
826 908 939 961 mssa
962 908 1000 961 11.

377 1086 421 1146 Et
434 1084 510 1146 data
521 1082 674 1145 Romanis
688 1082 783 1143 venia
797 1089 847 1144 est
861 1082 994 1161 indigna
1006 1081 1117 1162 poetis.

377 1182 540 1243 Idcireone
555 1197 651 1258 vager
664 1180 862 1259 scribamus
877 1179 1037 1241 licenter?
1078 1180 1132 1241 An
1146 1167 1249 1245 omnis

377 1279 509 1341 Visuros
524 1262 654 1357 peccata
666 1283 777 1356 putem
792 1297 871 1353 mea,
887 1284 977 1339 tutus
992 1284 1025 1339 et
1039 1278 1125 1339 intra

377 1377 471 1455 Spem
487 1376 596 1436 veniae
610 1377 748 1435 cautus?
771 1375 878 1435 vitavi
893 1375 1030 1453 denique
1044 1374 1178 1454 culpam,

376 1473 451 1535 Non
465 1473 590 1534 laudem
603 1472 714 1532 merui.
757 1472 822 1532 Vos
837 1472 1033 1551 exemplaria
1047 1474 1167 1536 Graeca

376 1570 541 1632 Nocturna
555 1574 677 1630 versate
691 1588 796 1643 manu,
814 1576 937 1630 versate
952 1570 1073 1631 diurna

354 1731 357 1737 ,
376 1667 422 1727 At
435 1667 533 1728 vestri
548 1666 658 1745 proavi
674 1666 841 1728 Plautinos
856 1673 889 1727 et
904 1686 1050 1729 numeros
1064 1673 1097 1728 et

376 1765 559 1825 laudavere
573 1764 665 1840 sales,
680 1764 815 1824 nimium
830 1765 989 1844 patienter
1003 1771 1181 1843 utrumque,

374 1862 426 1924 Ne
440 1862 544 1923 dicam
558 1860 664 1936 stulte,
680 1862 797 1936 mirati,
813 1863 841 1922 si
855 1862 950 1922 modo
963 1880 1021 1937 ego
1035 1870 1068 1922 et
1081 1880 1137 1923 voe

377 1958 498 2019 Scimus
513 1958 702 2019 inurbanum
716 1958 824 2036 lepido
840 1976 990 2037 seponere
1006 1958 1099 2033 dieto,

375 2055 630 2134 legitimumque
644 2073 756 2115 sonum
772 2054 883 2132 digitis
896 2054 1048 2117 callemus
1063 2059 1096 2115 et
1109 2074 1192 2117 aure.

416 2153 563 2229 Ignotum
577 2152 714 2230 tragicae
729 2170 828 2228 genus
844 2152 1004 2213 invenisse
1019 2150 1174 2214 Camenae

374 2249 500 2310 Dicitur
515 2256 547 2310 et
560 2249 711 2329 plaustris
728 2249 852 2311 vexisse
866 2255 1012 2328 poemata
1024 2248 1160 2328 Thespis

374 2346 459 2417 Quae
474 2354 622 2408 canerent
636 2353 828 2425 agerentque
843 2346 988 2424 peruncti
1004 2346 1144 2409 faecibus
1157 2366 1221 2408 ora

373 2446 451 2506 Post
466 2447 548 2506 hune
563 2463 714 2523 personae
728 2444 894 2522 pallaeque
910 2451 1050 2523 repertor
1064 2445 1216 2507 honestae

314 2536 316 2542 ’
374 2541 552 2621 Aeschylus
567 2548 599 2602 et
613 2542 746 2602 modicis
761 2541 913 2602 instravit
927 2540 1052 2619 pulpita
1067 2541 1164 2619 tignis

373 2638 416 2698 Et
430 2638 537 2699 docuit
550 2656 761 2716 magnumque
776 2637 864 2715 loqui
878 2638 1002 2716 nitique
1016 2638 1177 2699 cothurno.

373 2734 531 2796 Successit
545 2744 635 2795 vetus
650 2735 700 2796 his
715 2735 884 2809 comoedia,
901 2740 964 2794 non
978 2734 1046 2794 sine
1059 2734 1161 2795 multa

372 2831 494 2907 Laude;
517 2831 572 2891 sed
586 2832 620 2890 iu
634 2830 748 2891 vitium
763 2830 894 2891 libertas
909 2830 1028 2890 excidit
1042 2837 1075 2890 et
1089 2830 1153 2889 vim

372 2927 509 3004 Dignam
524 2926 592 3003 lege
607 2926 681 3003 regi.
726 2926 792 2986 Lex
807 2932 856 2987 est
871 2932 1001 3006 accepta
1013 2925 1189 3006 chomsque

371 3024 521 3101 Turpiter
536 3023 668 3083 obticuit
682 3022 808 3084 sublato
822 3023 889 3082 iure
905 3022 1046 3082 nocendi.

370 3111 428 3181 Nil
443 3121 667 3197 intemptatum
683 3119 783 3180 nostri
799 3118 920 3197 liquere
935 3126 1061 3198 poetae;

369 3217 438 3277 Nec
451 3216 617 3277 minimum
632 3234 772 3276 meruere
788 3216 884 3276 decus
900 3216 1036 3292 vestigia
1050 3218 1171 3279 Graeca

370 3313 450 3374 Ausi
465 3314 606 3374 deserere
621 3320 653 3373 et
667 3313 823 3373 celebrare
838 3312 1012 3373 domestica
1025 3313 1119 3389 faeta,

369 3410 429 3470 Vel
444 3411 500 3488 qui
515 3416 693 3487 praetextas
707 3409 758 3470 vel
774 3410 829 3487 qui
844 3409 977 3469 docuere
991 3415 1122 3486 togatas.

368 3508 436 3568 Nec
451 3508 569 3567 virtute
583 3508 666 3567 foret
679 3506 813 3567 clarisve
827 3506 991 3585 potentius
1006 3507 1110 3582 armis,

369 3604 467 3675 Quam
482 3604 591 3680 lingua
605 3604 741 3677 Latium,
757 3604 784 3664 si
798 3622 861 3663 non
877 3603 1051 3663 offenderet
1064 3623 1161 3664 unum

368 3700 529 3778 Quemque
543 3708 706 3778 poetarum
720 3700 815 3761 limae
829 3700 919 3760 labor
933 3707 965 3761 et
979 3719 1073 3761 mora
1116 3701 1189 3777 Vos,
1205 3721 1224 3762 o

366 3797 543 3875 Pompilius
557 3798 694 3873 sanguis,
709 3815 836 3858 carmen
850 3797 1071 3876 reprehendite
1085 3798 1170 3875 quod
1184 3818 1248 3860 non

367 3893 471 3954 Multa
485 3894 553 3955 dies
567 3901 600 3954 et
613 3893 714 3954 multa
727 3893 824 3954 litura
838 3895 977 3955 coercuit
991 3901 1085 3973 atque

366 3990 548 4051 Perfectum
563 3991 687 4051 deciens
701 4010 764 4051 non
778 3990 949 4067 castigavit
962 3991 1002 4051 ad
1015 4010 1159 4068 unguem.

406 4088 573 4164 Ingenium
588 4088 703 4149 misera
717 4089 792 4166 quia
805 4088 1001 4149 fortunatius
1015 4096 1082 4149 arte

365 4185 475 4247 Credit
489 4192 521 4245 et
534 4186 674 4247 excludit
688 4205 780 4247 sanos
795 4185 950 4246 Helicone
964 4192 1074 4264 poetas

364 4282 574 4360 Domoeritus,
589 4284 670 4344 bona
684 4302 757 4362 pars
771 4301 835 4343 non
849 4284 965 4360 unguis
980 4301 1094 4362 ponere
1108 4293 1207 4362 curat,
