3592 5067
382 922 449 991 vi]
829 922 943 974 trena
965 922 1003 974 11.

380 1097 449 1157 Nec
463 1092 544 1156 male
557 1111 657 1155 necne
671 1094 775 1174 Lepos
790 1094 903 1172 saltet;
926 1096 980 1157 sed
996 1095 1080 1174 quod
1095 1098 1195 1175 magis
1209 1100 1249 1160 ad
1264 1120 1321 1164 nos

380 1192 525 1253 Pertinet
538 1196 571 1252 et
585 1192 706 1253 nescire
721 1191 839 1252 malum
854 1199 913 1267 est,
928 1192 1103 1270 agitamus:
1125 1200 1272 1257 utrumne

380 1288 513 1349 Divitiis
527 1287 671 1350 homines
685 1307 725 1349 an
742 1288 808 1350 sint
823 1290 942 1351 virtute
958 1290 1058 1366 beati;

379 1385 501 1458 Quidve
515 1386 555 1446 ad
570 1385 737 1461 amicitias,
752 1405 827 1452 usus
843 1394 1014 1462 rectumne,
1029 1387 1137 1449 trahat
1150 1408 1224 1467 nos,
1411 1408 1442 1453 to

379 1483 422 1544 Et
435 1502 515 1562 quae
531 1484 574 1543 sit
588 1489 703 1543 natura
715 1483 790 1545 boni
806 1503 1026 1563 summumque
1041 1485 1119 1564 quid
1133 1485 1210 1547 eius.
1473 1501 1475 1504 ’

419 1580 550 1643 Cervius
565 1579 642 1641 haec
657 1581 740 1641 inter
755 1581 880 1643 vicinus
895 1584 996 1661 garrit
1009 1582 1104 1645 anilis

378 1679 428 1738 Ex
442 1696 475 1738 re
490 1676 633 1739 fabellas.
676 1677 710 1739 Si
726 1678 799 1756 quis
814 1698 887 1739 nam
903 1677 1012 1740 laudat
1027 1680 1129 1741 Arelli

377 1775 537 1836 Sollicitas
551 1775 682 1852 ignarus
698 1795 782 1854 opes,
797 1777 843 1837 sic
858 1776 988 1855 incipit:
1005 1776 1118 1838 ‘Olim'

378 1872 528 1933 Rusticus
543 1872 696 1932 urbanum
713 1891 832 1934 murem
848 1892 918 1935 mus
933 1891 1070 1953 paupere
1084 1875 1188 1935 fertur
1407 1890 1438 1938 80

377 1969 545 2047 Accepisse
561 1987 646 2045 cavo,
661 1976 799 2030 veterem
814 1977 907 2031 vetus
923 1969 1036 2049 hospes
1050 1971 1196 2047 amioum,

376 2068 479 2145 Asper
493 2072 526 2126 et
539 2072 682 2127 attentus
696 2066 860 2145 quaesitis,
875 2073 913 2127 ut
929 2075 1036 2127 tamen
1050 2076 1154 2129 artum

376 2163 518 2224 Solveret
531 2162 682 2241 hospitiis
696 2163 849 2224 animum.
890 2163 973 2236 Quid
988 2165 1115 2225 multa?
1137 2184 1239 2244 neque
1253 2166 1307 2227 ille

375 2259 512 2339 Sepositi
526 2260 636 2322 ciceris
651 2279 708 2321 nec
723 2261 835 2338 longae
852 2261 971 2321 invidit
985 2280 1112 2337 avenae,

374 2357 509 2417 Aridum
524 2363 557 2418 et
571 2377 624 2418 ore
638 2357 744 2419 ferens
758 2360 883 2419 acinum
900 2377 1081 2438 semesaque
1096 2358 1178 2419 lardi
1405 2374 1435 2420 ae

373 2454 489 2515 Frusta
503 2454 601 2529 dedit,
616 2456 746 2534 cupiens
761 2455 849 2515 varia
863 2456 996 2516 fastidia
1008 2474 1085 2517 cena

286 2567 289 2573 ·
373 2550 507 2612 Vincere
520 2552 683 2628 tangentis
698 2552 779 2613 male
795 2551 923 2629 singula
936 2552 1031 2612 dente
1046 2553 1181 2631 superbo
1189 2574 1206 2628 3·

372 2648 451 2709 Cum
466 2654 556 2727 pater
570 2649 640 2727 ipse
654 2649 767 2710 domus
781 2649 872 2728 palea
886 2656 1048 2726 porrectus
1063 2649 1096 2708 in
1113 2649 1212 2709 horna

372 2744 556 2812 Essetador
570 2744 752 2823 loliumque,
767 2746 858 2824 dapis
874 2745 1006 2805 meliora
1019 2745 1209 2824 relinquens.

371 2840 510 2901 Tandem
526 2840 664 2901 urbanus
678 2842 718 2901 ad
734 2841 817 2902 hunc
829 2840 929 2913 ‘Quid
945 2847 977 2902 te
989 2842 1096 2915 iuvat,'
1107 2838 1219 2919 inquit,
1232 2842 1356 2917 ‘amica
1401 2858 1432 2905 eo

371 2936 539 3015 Praerupti
553 2937 691 2998 nemoris
706 2937 877 3016 patientem
894 2938 1003 2997 vivere
1017 2938 1136 2998 dorso?
1368 2938 1370 2942 ’

370 3032 428 3096 Vis
442 3038 479 3094 tu
494 3032 637 3094 homines
650 3034 823 3111 urbemque
837 3032 916 3095 ieris
931 3052 1121 3112 praeponere
1135 3033 1251 3096 silvis?
1336 3020 1339 3025 ⁵

370 3129 471 3209 Carpe
485 3129 580 3204 viam,
596 3130 674 3190 mihi
689 3131 790 3205 crede,
805 3149 926 3206 comes3
947 3130 1111 3191 terrestria
1125 3132 1251 3207 quando

369 3227 516 3288 Mortalis
531 3226 653 3287 animas
667 3228 781 3287 vivunt
795 3228 918 3304 sortita,
933 3246 1035 3306 neque
1050 3226 1116 3288 ulla
1129 3235 1178 3289 est

369 3324 435 3384 Aut
450 3343 564 3401 magno
577 3331 633 3384 aut
647 3343 744 3402 parvo
759 3323 813 3385 leti
829 3325 923 3401 fuga:
946 3342 1017 3401 quo,
1033 3325 1121 3398 bone,
1136 3324 1227 3398 circa,
1398 3339 1427 3385 eo

369 3421 453 3481 Dum
468 3420 553 3496 licet,
568 3420 603 3479 in
617 3421 710 3481 rebus
726 3422 871 3482 iucundis
888 3422 959 3481 vive
973 3422 1092 3495 beatus,

368 3518 448 3578 Vive
463 3536 589 3592 memor,
604 3537 698 3596 quam
715 3520 761 3579 sis
775 3519 843 3579 aevi
861 3517 986 3579 brevis!
1029 3519 1117 3578 Haec
1132 3517 1184 3578 ubi
1200 3518 1286 3578 dicta

368 3615 533 3691 Agrestem
549 3616 708 3693 pepulere,
723 3615 816 3675 domo
831 3615 911 3676 levis
925 3614 1049 3689 exsilit;
1072 3614 1145 3674 inde

367 3712 470 3772 Ambo
484 3713 680 3790 propositum
697 3718 852 3790 peragunt
867 3713 937 3786 iter,
953 3711 1040 3773 urbis
1054 3718 1185 3772 aventes

367 3808 495 3869 Moenia
508 3809 654 3869 nocturni
669 3810 844 3887 subrepere.

890 3907 1020 3986 Iamque
1035 3906 1163 3967 tenebat
1383 3919 1426 3965 too

366 4002 438 4065 Nox
454 4003 592 4064 medium
606 4004 685 4064 caeli
701 4003 848 4083 spatium,
861 4023 931 4064 cum
948 4004 1038 4081 ponit
1052 4010 1184 4081 uterque

367 4101 405 4161 In
421 4101 577 4180 locuplete
592 4103 684 4162 domo
699 4102 844 4179 vestigia,
861 4103 954 4162 rubro
969 4103 1022 4162 ubi
1036 4119 1128 4162 cocco

366 4198 480 4258 Tincta
493 4218 587 4277 super
602 4199 699 4260 lectos
713 4201 862 4260 canderet
876 4199 976 4260 vestis
991 4198 1135 4272 eburnos,

365 4295 530 4374 Multaque
545 4296 583 4357 de
598 4315 712 4373 magna
726 4303 928 4375 superessent
943 4296 1063 4357 fercula
1077 4314 1162 4371 cena,
